Company,Quarters,Closing Stock Price,Enterprise Value,Oil Price,Change in Oil Price,CPI,Inflation,Net Income,Consumption of Raw Materials,Purchase of Traded Goods,Cost of Goods Sold,Gross Revenue,EXPENDITURE,Increase/Decrease in Stocks,Power & Fuel,Employees Cost,Depriciation,Excise Duty,Admin. And Selling Expenses,R & D Expenses,Provisions And Contingencies,Exp. Capitalised,Other Expenses,Other Income,EBIT,Interest,P/L Before Exceptional Items & Tax,Exceptional Items,EBT,Tax,P/L After Tax from Ordinary Activities,Prior Year Adjustments,Extra Ordinary Items,PAT,Equity Share Capital,Reserves Excluding Revaluation Reserves,Equity Dividend Rate (%),Basic EPS Before Extra Ordinary,Ratios
Procter and Gamble,Mar '20,4109.05,34210.09,2392.98,-0.198991786,148.6,0.058,656.05,210.64,24.47,235.11,420.94,308.16,-16.18,0,50.2,11.75,0,74.74,0,13.88,0,173.77,14.52,127.3,2.43,124.87,0,124.87,33.77,91.1,0,0,91.1,32.46,0,0,28.07,
Procter and Gamble,Dec '19,4352.30,34210.09,4509.77,0.884583239,150.4,0.074,859.27,289.15,10.78,299.93,559.34,384.12,21.2,0,42.92,11.48,0,108.01,0,0,0,200.51,9.02,184.24,2.24,182,0,182,46.07,135.93,0,0,135.93,32.46,0,0,41.88,
Procter and Gamble,Sep '19,4685.15,34210.09,4282.87,-0.050312987,145.8,0.04,852.14,334.88,11.27,346.15,505.99,335.27,-8.62,0,42.07,11.45,0,104.46,0,0,0,185.91,11.02,181.74,0.36,181.38,0,181.38,44.54,136.84,0,0,136.84,32.46,0,0,42.16,
Procter and Gamble,Jun '19,4106.05,34210.09,4149.67,-0.03110064,142.9,0.032,637.29,263.98,21.07,285.05,352.24,300.24,-25.4,0,25.07,12.81,0,69.19,0,0,0,218.57,9.69,61.69,4.04,57.65,0,57.65,-3.14,60.79,0,0,60.79,32.46,0,0,18.73,
Procter and Gamble,Mar '19,3673.65,31741,4432.04,0.068046375,140.4,0.029,699.34,213.66,56.69,270.35,428.99,297.9,25.8,0,34.58,12.56,0,70.24,0,0,0,154.72,8.43,139.52,0.54,138.98,0,138.98,48.87,90.11,0,0,90.11,32.46,0,0,27.76,
Procter and Gamble,Dec '18,3084.20,31741,3822.07,-0.137627368,140.1,0.021,818.07,212.49,139.92,352.41,465.66,286.77,11.46,0,36.92,12.34,0,89.68,0,0,0,136.37,11.66,190.55,0.48,190.07,0,190.07,65.95,124.12,0,0,124.12,32.46,0,0,38.24,
Procter and Gamble,Sep '18,2578.90,31741,5448.55,0.425549506,140.2,0.037,791.8,260.51,104.27,364.78,427.02,229.53,-49.59,0,35.81,12.07,0,83.2,0,0,0,148.04,23.56,221.05,0.42,220.63,0,220.63,76.52,144.11,0,0,144.11,32.46,0,0,44.4,
Procter and Gamble,Jun '18,2369.70,31741,4879.75,-0.104394747,138.5,0.049,524.65,133.03,59.51,192.54,332.11,260.51,-6.56,0,24.38,12.33,0,67.73,0,0,0,162.63,6.83,78.43,4.05,74.38,0,74.38,29.83,44.55,0,0,44.55,32.46,0,0,13.72,
Procter and Gamble,Mar '18,1504.65,26001.3,4171.72,-0.145095548,136.5,0.043,568.89,115.28,73.82,189.1,379.79,259.69,15.73,0,32.66,13.68,0,72.55,0,0,0,125.07,6.61,126.71,0.39,126.32,0,126.32,43.08,83.24,0,0,83.24,32.46,0,0,25.64,
Procter and Gamble,Dec '17,1288.65,26001.3,3930.99,-0.057705215,137.2,0.052,704.16,149.14,121.75,270.89,433.27,236.56,9.76,0,29.02,13.52,0,67.49,0,0,0,116.77,7.09,203.8,0.47,203.33,0,203.33,72.09,131.24,0,0,131.24,32.46,0,0,40.43,
Procter and Gamble,Sep '17,1040.05,26001.3,3413.19,-0.131722543,135.2,0.033,657.59,147.38,87.14,234.52,423.07,248.46,42.71,0,29.17,12.84,0,52.75,0,0,0,110.99,3.54,178.15,0.41,177.74,0,177.74,62.18,115.56,0,0,115.56,32.46,0,0,35.6,
Procter and Gamble,Jun '17,1066.25,26001.3,2975.01,-0.128378438,132,0.015,502.87,145.6,82.4,228,274.87,163.41,-34.77,0,15.58,19.66,0,33.39,0,0,0,129.55,10.83,122.29,4.41,117.88,0,117.88,39.84,78.04,0,0,78.04,32.46,0,0,24.04,
Procter and Gamble,Mar '17,1041.05,19305.79,3355.09,0.127757554,130.9,0.039,573.87,149.33,84.37,233.7,340.17,200.61,3.9,0,33.46,14.19,0,54.01,0,0,0,95.05,23.15,162.71,1.33,161.38,0,161.38,61.75,99.63,0,0,99.63,32.46,0,0,30.69,
Procter and Gamble,Dec '16,997.50,19305.79,3572.84,0.064901389,130.4,0.034,643.24,181.7,81.87,263.57,379.67,164.25,-29.81,0,27.38,13.18,0,54.39,0,0,0,99.11,20.81,236.23,4.25,231.98,0,231.98,81.36,150.62,0,0,150.62,32.46,0,0,46.4,
Procter and Gamble,Sep '16,701.50,19305.79,3006.05,-0.158638506,130.9,0.044,600.42,135.89,104.92,240.81,359.61,221.16,9.57,0,37.68,12.71,0,61.93,0,0,0,99.27,22.51,160.96,0.43,160.53,0,160.53,56.09,104.44,0,0,104.44,32.46,0,0,32.17,
Procter and Gamble,Jun '16,704.85,19305.79,3208.66,0.067400742,130.1,0.058,558.27,148.67,56.7,205.37,352.9,206.74,-18.67,0,30.06,12.41,0,66.26,0,0,0,116.68,22.18,168.34,0.33,168.01,0,168.01,58.61,109.4,0,0,109.4,32.46,0,0,33.7,
Procter and Gamble,Mar '16,642.75,21368.04,2503.95,-0.219627508,126,0.048,613.8,149.31,79.01,228.32,385.48,264.63,1.98,0,26.45,12.38,0,93.05,0,0,0,130.77,23.63,144.48,0.24,144.24,0,144.24,46.94,97.3,0,0,97.3,32.46,0,0,29.98,
Procter and Gamble,Dec '15,779.00,21368.04,2435.4,-0.027376745,126.1,0.056,713.7,139.8,101.71,241.51,472.19,270.33,26.83,0,28.43,14.19,0,78.42,0,0,0,122.46,20.59,222.45,2.3,220.15,0,220.15,73.45,146.7,0,0,146.7,32.46,0,0,45.19,
Procter and Gamble,Sep '15,783.25,21368.04,3064.43,0.258286113,125.4,0.044,598.56,153.85,96.08,249.93,348.63,264.55,-20.85,0,33.62,12.71,0,87.69,0,0,0,151.38,21.21,105.29,1.15,104.14,0,104.14,34.36,69.78,0,0,69.78,32.46,0,0,21.5,
Procter and Gamble,Jun '15,800.75,21368.04,3915.3,0.27766012,123,0.054,557.56,124.56,87.01,211.57,345.99,204.97,-13.4,0,19.89,13.34,0,73.5,0,0,0,111.64,18.81,159.83,0.3,159.53,0,159.53,52.44,107.09,0,0,107.09,32.46,0,0,32.99,
Procter and Gamble,Mar '15,912.00,13555.96,3299.23,-0.157349373,120.2,0.053,555.23,0,79.94,79.94,475.29,364.65,22.85,0,37.52,12.17,0,68.5,0,0,0,223.61,17.71,128.35,3.8,124.55,0,124.55,37.66,86.89,0,0,86.89,32.46,0,0,26.77,
Procter and Gamble,Dec '14,794.80,13555.96,3806.55,0.153769213,119.4,0.043,644.51,0,88.19,88.19,556.32,443.93,8.77,0,22.73,15.87,0,87.85,0,0,0,308.71,17.08,129.47,0.46,129.01,0,129.01,38.35,90.66,0,0,90.66,32.46,0,0,27.93,
Procter and Gamble,Sep '14,848.95,13555.96,5835.69,0.533065374,120.1,0.056,576.49,171.73,88.16,259.89,316.6,248.76,-19.46,0,33.15,11.15,0,104.88,0,0,0,119.04,21.04,88.88,1.16,87.72,0,87.72,26.22,61.5,0,0,61.5,32.46,0,0,18.95,
Procter and Gamble,Jun '14,743.75,13555.96,6471.05,0.108874872,116.7,0.068,486.1,110.41,78.79,189.2,296.9,164.2,-17.24,0,20.23,9.37,0,37.99,0,0,0,113.85,20.43,153.13,5.15,147.98,0,147.98,58.06,89.92,0,0,89.92,32.46,0,0,27.7,
Tata Consumer Products,Mar '20,367.95,26466,2392.98,-0.198991786,148.6,0.058,"1,335.31",527.09,287.42,814.51,520.8,393.42,-26.4,0,74.35,33,0,107.92,0,0,0,204.55,16.7,144.08,6.79,137.29,-41.41,178.7,24.95,153.75,0,0,153.75,92.16,0,0,0.77,
Tata Consumer Products,Dec '19,321.05,26466,4509.77,0.884583239,150.4,0.074,"1,463.45",601.49,309.21,910.7,552.75,375.26,-10.28,0,69.09,29.4,0,107.69,0,0,0,179.36,24.81,202.3,7.16,195.14,-0.84,195.98,51.31,144.67,0,0,144.67,92.16,0,0,1.55,
Tata Consumer Products,Sep '19,276.05,26466,4282.87,-0.050312987,145.8,0.04,914.14,547.2,13.1,560.3,353.84,245.49,-3.59,0,57.75,15.34,0,0,0,0,0,175.99,32.53,140.88,5.57,135.31,-1.5,136.81,34.11,102.7,0,0,102.7,63.11,0,0,1.58,
Tata Consumer Products,Jun '19,269.70,26466,4149.67,-0.03110064,142.9,0.032,968.82,532.14,6.5,538.64,430.18,296.97,66.03,0,56.23,13.68,0,0,0,0,0,161.03,38.4,171.61,5.49,166.12,-8.06,174.18,51.96,122.22,0,0,122.22,63.11,0,0,1.68,
Tata Consumer Products,Mar '19,203.15,12352.38,4432.04,0.068046375,140.4,0.029,784.05,500.86,8.25,509.11,274.94,224.61,-30.85,0,49.67,8.73,0,0,0,0,0,197.06,26.61,76.94,3.24,73.7,0,73.7,20.44,53.26,0,0,53.26,63.11,0,0,0.84,
Tata Consumer Products,Dec '18,219.40,12352.38,3822.07,-0.137627368,140.1,0.021,889.73,562.67,4.81,567.48,322.25,216.18,-27.59,0,55.99,7.91,0,0,0,0,0,179.87,21.85,127.92,3.56,124.36,0,124.36,34.7,89.66,0,0,89.66,63.11,0,0,1.42,
Tata Consumer Products,Sep '18,233.20,12352.38,5448.55,0.425549506,140.2,0.037,847.28,535.67,4.68,540.35,306.93,216.37,-19.96,0,56.14,7.72,0,0,0,0,0,172.47,74.15,164.71,2.69,162.02,0,162.02,41.72,120.3,0,0,120.3,63.11,0,0,1.9,
Tata Consumer Products,Jun '18,269.45,12352.38,4879.75,-0.104394747,138.5,0.049,908.6,456.77,5.91,462.68,445.92,286.29,78.56,0,55.05,7.32,0,0,0,0,0,145.36,59.9,219.53,3.69,215.84,0,215.84,68.13,147.71,0,0,147.71,63.11,0,0,2.35,
Tata Consumer Products,Mar '18,258.45,15859.76,4171.72,-0.145095548,136.5,0.043,714.65,458.46,7.65,466.11,248.54,185.67,-49.93,0,50.1,7.32,0,0,0,0,0,178.18,24.1,86.97,3.52,83.45,-5.49,88.94,24.8,64.14,0,0,64.14,63.11,0,0,0.84,
Tata Consumer Products,Dec '17,315.55,15859.76,3930.99,-0.057705215,137.2,0.052,848.43,505.69,9.03,514.72,333.71,192.22,-20.02,0,56.55,6.99,0,0,0,0,0,148.7,26.29,167.78,3.51,164.27,102.08,62.19,57.92,4.27,0,0,4.27,63.11,0,0,3.3,
Tata Consumer Products,Sep '17,205.65,15859.76,3413.19,-0.131722543,135.2,0.033,794.8,452.38,7.62,460,334.8,218.91,20.55,0,50.48,6.61,0,0,0,0,0,141.27,52.17,168.06,3.5,164.56,0,164.56,44.31,120.25,0,0,120.25,63.11,0,0,1.9,
Tata Consumer Products,Jun '17,150.55,15859.76,2975.01,-0.128378438,132,0.015,859.44,455.02,8.7,463.72,395.72,241.79,47.73,0,51,6.28,0,0,0,0,0,136.78,45.02,198.95,3.12,195.83,18.77,177.06,62.12,114.94,0,0,114.94,63.11,0,0,2.42,
Tata Consumer Products,Mar '17,150.25,9493.76,3355.09,0.127757554,130.9,0.039,696.57,464.52,8.41,472.93,223.64,165.16,-60.98,0,45.41,6.32,0,0,0,0,0,174.41,14.37,72.85,9.7,63.15,0,63.15,19.19,43.96,0,0,43.96,63.11,0,0,0.7,
Tata Consumer Products,Dec '16,122.05,9493.76,3572.84,0.064901389,130.4,0.034,786.43,479.96,8.06,488.02,298.41,207.46,-10.48,0,48.83,5.99,0,0,0,0,0,163.12,18.24,109.19,12.43,96.76,0,96.76,24.3,72.46,0,0,72.46,63.11,0,0,1.15,
Tata Consumer Products,Sep '16,139.50,9493.76,3006.05,-0.158638506,130.9,0.044,759.12,458.51,5.25,463.76,295.36,216.37,3.31,0,47.48,5.83,0,0,0,0,0,159.75,50.99,129.98,14.79,115.19,0,115.19,28.87,86.32,0,0,86.32,63.11,0,0,1.37,
Tata Consumer Products,Jun '16,130.85,9493.76,3208.66,0.067400742,130.1,0.058,820.08,463.04,1.31,464.35,355.73,245.2,66.36,0,46.1,5.56,0,0,0,0,0,127.18,12.74,123.27,12.18,111.09,0,111.09,37.83,73.26,0,0,73.26,63.11,0,0,1.16,
Tata Consumer Products,Mar '16,121.00,7449.72,2503.95,-0.219627508,126,0.048,676.75,444.51,4.09,448.6,228.15,157.02,-32.32,0,39.69,6,0,0,0,0,0,143.65,26.33,97.46,23.48,73.98,-59.25,133.23,8.69,124.54,0,0,124.54,63.11,0,0,0.1,
Tata Consumer Products,Dec '15,146.10,7449.72,2435.4,-0.027376745,126.1,0.056,761.1,498.26,6.02,504.28,256.82,167.12,-21.1,0,45.37,5.63,0,0,0,0,0,137.22,3.48,93.18,20.14,73.04,-0.97,74.01,22.7,51.31,0,0,51.31,63.11,0,0,0.78,
Tata Consumer Products,Sep '15,127.70,7449.72,3064.43,0.258286113,125.4,0.044,748.23,468.72,0.69,469.41,278.82,211.52,8.06,0,40.86,5.75,0,0,0,0,0,156.85,77.83,145.13,12.28,132.85,-3,135.85,24.21,111.64,0,0,111.64,63.11,0,0,1.67,
Tata Consumer Products,Jun '15,132.35,7449.72,3915.3,0.27766012,123,0.054,802.32,477.71,1.13,478.84,323.48,215.28,41.44,0,42.7,5.41,0,0,0,0,0,125.73,3.84,112.04,11.81,100.23,0,100.23,34.79,65.44,0,0,65.44,63.11,0,0,1.03,
Tata Consumer Products,Mar '15,149.10,9676.81,3299.23,-0.157349373,120.2,0.053,671.49,460.08,0.68,460.76,210.73,129.69,-62.56,0,48.1,5.54,0,0,0,0,0,138.61,13.39,94.43,10.15,84.28,-67.62,151.9,-26.25,178.15,0,0,178.15,63.11,0,0,0.68,
Tata Consumer Products,Dec '14,150.70,9676.81,3806.55,0.153769213,119.4,0.043,781.75,499.62,0.05,499.67,282.08,200.73,-0.65,0,38.3,5.06,0,0,0,0,0,158.02,14.99,96.34,13.52,82.82,0,82.82,27.21,55.61,0,0,55.61,61.84,0,0,0.9,
Tata Consumer Products,Sep '14,159.10,9676.81,5835.69,0.533065374,120.1,0.056,712.37,490.66,0.5,491.16,221.21,167.28,-16.94,0,37.38,4.83,0,0,0,0,0,142.01,119.23,173.16,6.25,166.91,-0.35,167.26,35.34,131.92,0,0,131.92,61.84,0,0,2.12,
Tata Consumer Products,Jun '14,172.80,9676.81,6471.05,0.108874872,116.7,0.068,726.05,422.51,0.3,422.81,303.24,222.56,52.16,0,36,4.51,0,0,0,0,0,129.89,7.55,88.23,4.27,83.96,-0.95,84.91,23.75,61.16,0,0,61.16,61.84,0,0,0.96,
United Breweries Ltd.,Mar '20,956.65,24359.73,2392.98,-0.198991786,148.6,0.058,"1,424.17",653.85,55.92,709.77,714.4,655.52,-10.41,0,127.87,73.37,0,0,0,0,0,464.69,0.61,59.49,4.76,54.73,0,54.73,13.54,41.19,0,0,41.19,26.44,0,0,1.56,
United Breweries Ltd.,Dec '19,1272.20,24359.73,4509.77,0.884583239,150.4,0.074,"1,453.28",633.82,52.64,686.46,766.82,619.6,1.26,0,125.42,73.53,0,0,0,0,0,419.39,3.45,150.67,9.89,140.78,0,140.78,34.41,106.37,0,0,106.37,26.44,0,0,4.02,
United Breweries Ltd.,Sep '19,1347.05,24359.73,4282.87,-0.050312987,145.8,0.04,"1,578.57",711.64,38.99,750.63,827.94,704.34,5.42,0,123.38,68.86,0,0,0,0,0,506.68,1.89,125.49,8.79,116.7,0,116.7,1.57,115.13,0,0,115.13,26.44,0,0,4.36,
United Breweries Ltd.,Jun '19,1339.10,24359.73,4149.67,-0.03110064,142.9,0.032,"2,048.53",975.55,47.42,1022.97,1025.56,765.83,-5.82,0,123.1,69.21,0,0,0,0,0,579.34,3.16,262.89,7.68,255.21,0,255.21,90.67,164.54,0,0,164.54,26.44,0,0,6.22,
United Breweries Ltd.,Mar '19,1395.15,36924.08,4432.04,0.068046375,140.4,0.029,"1,629.40",786.29,47.64,833.93,795.47,688.14,-27.56,0,123.52,63.9,0,0,0,0,0,528.28,10.62,117.95,11.78,106.17,0,106.17,38.25,67.92,0,0,67.92,26.44,0,0,2.57,
United Breweries Ltd.,Dec '18,1376.75,36924.08,3822.07,-0.137627368,140.1,0.021,"1,451.17",604.23,32.72,636.95,814.22,632.88,40.3,0,110.88,66.54,0,0,0,0,0,415.16,2.1,183.44,6.2,177.24,0,177.24,68.07,109.17,0,0,109.17,26.44,0,0,4.13,
United Breweries Ltd.,Sep '18,1363.25,36924.08,5448.55,0.425549506,140.2,0.037,"1,525.95",647.47,53.09,700.56,825.39,572.78,-23.12,0,102.64,65.63,0,0,0,0,0,427.63,3.7,256.31,4,252.31,0,252.31,88.54,163.77,0,0,163.77,26.44,0,0,6.2,
United Breweries Ltd.,Jun '18,1152.90,36924.08,4879.75,-0.104394747,138.5,0.049,"1,865.91",889.15,31.32,920.47,945.44,608.74,-64.09,0,106.82,63.71,0,0,0,0,0,502.3,15.28,351.98,9.22,342.76,0,342.76,120.84,221.92,0,0,221.92,26.44,0,0,8.39,
United Breweries Ltd.,Mar '18,947.15,25280.27,4171.72,-0.145095548,136.5,0.043,"1,469.28",692.67,17.58,710.25,759.03,615.56,-17.2,0,109.73,64.75,0,0,0,0,0,458.28,4.75,148.22,11.4,136.82,0,136.82,45.94,90.88,0,0,90.88,26.44,0,0,3.44,
United Breweries Ltd.,Dec '17,1081.55,25280.27,3930.99,-0.057705215,137.2,0.052,"1,197.10",542.74,21.12,563.86,633.24,545.57,6.01,0,95.75,64.96,0,0,0,0,0,378.85,0.77,88.44,9.34,79.1,0,79.1,31.72,47.38,0,0,47.38,26.44,0,0,1.79,
United Breweries Ltd.,Sep '17,821.40,25280.27,3413.19,-0.131722543,135.2,0.033,"1,276.44",537.74,41.92,579.66,696.78,539.92,6.07,0,101.17,65.04,0,0,0,0,0,367.64,1.2,158.06,12.71,145.35,0,145.35,51.51,93.84,0,0,93.84,26.44,0,0,3.55,
United Breweries Ltd.,Jun '17,780.15,25280.27,2975.01,-0.128378438,132,0.015,"1,674.21",731.72,32.81,764.53,909.68,656.18,27.98,0,87.98,64.85,0,0,0,0,0,475.37,6.26,259.76,14.2,245.56,0,245.56,83.67,161.89,0,0,161.89,26.44,0,0,6.12,
United Breweries Ltd.,Mar '17,770.55,20747.72,3355.09,0.127757554,130.9,0.039,"1,112.70",555.94,5.45,561.39,551.31,533.5,-19.69,0,88.91,83.31,0,0,0,0,0,380.97,4.25,22.06,14.44,7.62,0,7.62,0.89,6.73,0,0,6.73,26.44,0,0,0.25,
United Breweries Ltd.,Dec '16,781.50,20747.72,3572.84,0.064901389,130.4,0.034,"1,025.02",487.18,0,487.18,537.84,479.63,-12.04,0,84.97,69.75,0,116.73,0,0,0,220.22,32.95,91.16,15.28,75.88,0,75.88,27.39,48.49,0,0,48.49,26.44,0,0,1.84,
United Breweries Ltd.,Sep '16,902.20,20747.72,3006.05,-0.158638506,130.9,0.044,"1,038.55",465.13,2.26,467.39,571.16,520.21,9.33,0,88.47,70.21,0,123.42,0,0,0,228.78,0.79,51.74,14.11,37.63,0,37.63,10.58,27.05,0,0,27.05,26.44,0,0,1.02,
United Breweries Ltd.,Jun '16,751.10,20747.72,3208.66,0.067400742,130.1,0.058,"1,562.32",714.37,0.48,714.85,847.47,621.12,-7.44,0,89.74,63.68,0,182.71,0,0,0,292.43,14.51,240.86,14.82,226.04,0,226.04,78.98,147.06,0,0,147.06,26.44,0,0,5.56,
United Breweries Ltd.,Mar '16,824.00,22186.32,2503.95,-0.219627508,126,0.048,"1,212.49",580.19,7.11,587.3,625.19,563.1,-23.71,0,85.95,63.84,0,0,0,0,0,437.02,29.86,91.95,18.02,73.93,0,73.93,21.56,52.37,0,0,52.37,26.44,0,0,1.98,
United Breweries Ltd.,Dec '15,946.60,22186.32,2435.4,-0.027376745,126.1,0.056,"1,096.91",452.92,10.62,463.54,633.37,518.87,-4.92,0,82.36,61.53,0,110.15,0,0,0,269.75,17.93,132.43,18.41,114.02,0,114.02,42.77,71.25,0,0,71.25,26.44,0,0,2.7,
United Breweries Ltd.,Sep '15,881.50,22186.32,3064.43,0.258286113,125.4,0.044,"1,072.27",424.31,27.35,451.66,620.61,545.41,12.14,0,90.64,59.82,0,116.3,0,0,0,266.51,24.16,99.36,20.49,78.87,0,78.87,26.76,52.11,0,0,52.11,26.44,0,0,1.97,
United Breweries Ltd.,Jun '15,932.45,22186.32,3915.3,0.27766012,123,0.054,"1,452.84",639.61,8.07,647.68,805.16,615.11,5.42,0,75.34,58.32,0,168.61,0,0,0,307.42,16.74,206.79,20.18,186.61,0,186.61,64.47,122.14,0,0,122.14,26.44,0,0,4.62,
United Breweries Ltd.,Mar '15,1002.50,27194.48,3299.23,-0.157349373,120.2,0.053,"1,161.62",504.21,7.57,511.78,649.84,580.9,-28.18,0,86.05,53.06,0,335.32,0,0,0,134.65,6.19,75.13,15.25,59.88,0,59.88,11.75,48.13,0,0,48.13,26.44,"1,605.35",0,1.79,
United Breweries Ltd.,Dec '14,833.90,27194.48,3806.55,0.153769213,119.4,0.043,"1,000.42",370.09,16.6,386.69,613.73,547.32,2.69,0,70.62,55.09,0,303.08,0,0,0,115.84,11.95,78.36,18.36,60,0,60,20.06,39.94,0,0,39.94,26.44,"1,605.35",0,1.48,
United Breweries Ltd.,Sep '14,711.60,27194.48,5835.69,0.533065374,120.1,0.056,"1,085.67",411.43,18.05,429.48,656.19,580.97,0.74,0,77.98,49.49,0,329.46,0,0,0,123.3,7.09,82.31,17.8,64.51,0,64.51,21.89,42.62,0,0,42.62,26.44,"1,605.35",0,1.59,
United Breweries Ltd.,Jun '14,698.95,27194.48,6471.05,0.108874872,116.7,0.068,"1,444.58",583.1,13.71,596.81,847.77,644.97,9.1,0,66.32,49.75,0,171.31,0,0,0,348.49,12.36,215.16,21.58,193.58,0,193.58,64.74,128.84,0,0,128.84,26.44,"1,605.35",0,4.85,
United Spirits Ltd,Mar '20,594.25,36527.38,2392.98,-0.198991786,148.6,0.058,"1,993.80","1,135.70",40.9,1176.6,817.2,613.6,-23.6,0,110.6,67.8,0,120,0,0,0,338.8,4.1,207.7,48,159.7,1.3,158.4,137.1,21.3,0,0,21.3,145.3,0,0,0.33,
United Spirits Ltd,Dec '19,599.35,36527.38,4509.77,0.884583239,150.4,0.074,"2,582.50","1,136.30",101.5,1237.8,1344.7,973.1,198.8,0,126.6,52.4,0,251.1,0,0,0,344.2,17.6,389.2,45.5,343.7,0,343.7,84.9,258.8,0,0,258.8,145.3,0,0,3.56,
United Spirits Ltd,Sep '19,667.00,36527.38,4282.87,-0.050312987,145.8,0.04,"2,296.20","1,344.70",75.6,1420.3,875.9,517.6,-156.6,0,146.1,57.3,0,173.4,0,0,0,297.4,13.7,372,45.2,326.8,0,326.8,102.2,224.6,0,0,224.6,145.3,0,0,3.09,
United Spirits Ltd,Jun '19,584.70,36527.38,4149.67,-0.03110064,142.9,0.032,"2,218.40","1,007.20",72.7,1079.9,1138.5,793.4,88.8,0,138.1,50,0,170.8,0,0,0,345.7,10.1,355.2,52,303.2,0,303.2,105.8,197.4,0,0,197.4,145.3,0,0,2.72,
United Spirits Ltd,Mar '19,553.00,42689.55,4432.04,0.068046375,140.4,0.029,"2,250.00","1,113.40",70.5,1183.9,1066.1,822.6,19.9,0,170.4,40.1,0,179.9,0,0,0,412.3,11.9,255.4,60.5,194.9,-6.5,201.4,62.2,139.2,0,0,139.2,145.3,0,0,1.73,
United Spirits Ltd,Dec '18,634.80,42689.55,3822.07,-0.137627368,140.1,0.021,"2,500.90","1,148.70",119.2,1267.9,1233,920.7,49.1,0,158.7,35.5,0,267.1,0,0,0,410.3,61.4,373.7,55.2,318.5,-20.2,338.7,105.9,232.8,0,0,232.8,145.33,0,0,2.65,
United Spirits Ltd,Sep '18,513.80,42689.55,5448.55,0.425549506,140.2,0.037,"2,228.10","1,155.20",74.1,1229.3,998.8,601.4,-94.7,0,141.4,35,0,200.5,0,0,0,319.2,24.9,422.3,41.5,380.8,0,380.8,122.1,258.7,0,0,258.7,145.33,0,0,3.56,
United Spirits Ltd,Jun '18,664.80,42689.55,4879.75,-0.104394747,138.5,0.049,"2,011.90",891.4,25.4,916.8,1095.1,936.7,106.4,0,204.8,33.9,0,211.2,0,0,0,380.4,21.4,179.8,55.9,123.9,0,123.9,42.6,81.3,0,0,81.3,145.33,0,0,1.12,
United Spirits Ltd,Mar '18,625.15,48193.55,4171.72,-0.145095548,136.5,0.043,"2,173.70","1,150.90",73.2,1224.1,949.6,712.2,-110.7,0,185.3,36.7,0,220.7,0,0,0,380.2,121,358.4,59.1,299.3,36.8,262.5,125.1,137.4,0,0,137.4,145.33,0,0,14.52,
United Spirits Ltd,Dec '17,734.23,48193.55,3930.99,-0.057705215,137.2,0.052,"2,263.30","1,112.90",72.6,1185.5,1077.8,839.2,5.9,0,149.6,33.7,0,259.9,0,0,0,390.1,23.6,262.2,65.8,196.4,-12.6,209,49.1,159.9,0,0,159.9,145.33,0,0,9.27,
United Spirits Ltd,Sep '17,479.11,48193.55,3413.19,-0.131722543,135.2,0.033,"1,951.30","1,004.60",63.5,1068.1,883.2,598.1,-45.7,0,159.4,32.6,0,144.9,0,0,0,306.9,30.5,315.6,65.9,249.7,-14.4,264.1,82.2,181.9,0,0,181.9,145.3,0,0,10.53,
United Spirits Ltd,Jun '17,479.27,48193.55,2975.01,-0.128378438,132,0.015,"1,781.80",800.9,28.2,829.1,952.7,827.4,132.8,0,165.8,32.1,0,162.7,0,0,0,334,30.9,156.2,70.3,85.9,-0.8,86.7,22.2,64.5,0,0,64.5,145.3,0,0,4.33,
United Spirits Ltd,Mar '17,434.69,35212.03,3355.09,0.127757554,130.9,0.039,"2,025.00","1,018.00",49.6,1067.6,957.4,734.1,63,0,121,41.8,0,164.5,0,0,0,343.8,14.3,237.6,85.3,152.3,-290.8,443.1,-34.3,477.4,0,0,477.4,145.3,0,0,-7.17,
United Spirits Ltd,Dec '16,388.15,35212.03,3572.84,0.064901389,130.4,0.034,"2,494.31","1,265.14",136.78,1401.92,1092.39,830.06,23.16,0,161.52,31.26,0,204.15,0,0,0,409.97,35.57,297.9,92.23,205.67,0,205.67,57.97,147.7,0,0,147.7,145.33,0,0,10.16,
United Spirits Ltd,Sep '16,492.58,35212.03,3006.05,-0.158638506,130.9,0.044,"2,048.30","1,134.27",96.05,1230.32,817.98,643.45,-53.26,0,204.73,33.18,0,130.76,0,0,0,328.04,28.28,202.81,88.5,114.31,3.98,110.33,35.75,74.58,0,0,74.58,145.33,0,0,5.68,
United Spirits Ltd,Jun '16,496.84,35212.03,3208.66,0.067400742,130.1,0.058,"2,040.54","1,043.98",102.15,1146.13,894.41,722.02,11.5,0,180.19,26.1,0,167.34,0,0,0,336.89,21.36,193.75,102.96,90.79,-21.72,112.51,25.27,87.24,0,0,87.24,145.33,0,0,2.9,
United Spirits Ltd,Mar '16,499.90,40004.84,2503.95,-0.219627508,126,0.048,"2,043.40","1,113.30",24.4,1137.7,905.7,817,73,0,141.8,27.1,0,180.1,0,0,0,395,89.4,178.1,100.9,77.2,-31.7,108.9,44.1,64.8,0,0,64.8,145.3,0,0,0.1,
United Spirits Ltd,Dec '15,597.28,40004.84,2435.4,-0.027376745,126.1,0.056,"2,422.98","1,296.31",245.13,1541.44,881.54,639.69,-93.59,0,172.81,25.42,0,192.61,0,0,0,342.44,-4.28,237.57,107.66,129.91,-42.12,172.03,50.56,121.47,0,0,121.47,145.33,0,0,2.56,
United Spirits Ltd,Sep '15,619.34,40004.84,3064.43,0.258286113,125.4,0.044,"5,369.91","1,135.30",54.1,1189.4,4180.51,3890.99,-88.31,0,165.24,24.07,0,88.87,0,0,0,"3,701.12",6.02,295.54,110,185.54,-54.16,239.7,60.14,179.56,0,0,179.56,145.33,0,0,4.9,
United Spirits Ltd,Jun '15,674.47,40004.84,3915.3,0.27766012,123,0.054,"1,866.15","1,114.28",61.43,1175.71,690.44,526.43,-86.97,0,162.91,24.89,0,152.27,0,0,0,273.33,14.57,178.58,128.38,50.2,0,50.2,38.59,11.61,0,0,11.61,145.33,0,0,3.15,
United Spirits Ltd,Mar '15,732.15,58091.73,3299.23,-0.157349373,120.2,0.053,"2,051.25",777.58,255.17,1032.75,1018.5,1030.41,50.46,0,212.25,36.99,0,0,0,103.43,0,627.28,74.43,62.52,134.15,-71.63,"-1,754.97",1683.34,-27.32,1710.66,0,0,1710.66,145.33,0,0,-123.81,
United Spirits Ltd,Dec '14,556.40,58091.73,3806.55,0.153769213,119.4,0.043,"2,318.23","1,228.73",215.24,1443.97,874.26,661.1,-46.7,0,143.85,25.03,0,229.75,0,0,0,309.17,22.64,235.8,148.47,87.33,0,87.33,8.52,78.81,0,0,78.81,145.33,0,0,5.42,
United Spirits Ltd,Sep '14,480.25,58091.73,5835.69,0.533065374,120.1,0.056,"2,178.58","1,058.28",224.94,1283.22,895.36,687.36,27.97,0,142.93,25.29,0,198.4,0,0,0,292.77,31.91,239.91,155.28,84.63,-73.91,158.54,38.55,119.99,0,0,119.99,145.33,0,0,-1.91,
United Spirits Ltd,Jun '14,478.99,58091.73,6471.05,0.108874872,116.7,0.068,"1,923.90","1,007.06",171.27,1178.33,745.57,625.68,-52.25,0,137.95,25.12,0,219.83,0,0,0,295.03,31,150.89,155.07,-4.18,-42.79,38.61,8.59,30.02,0,0,30.02,145.33,0,0,-3.82,
Heritage Foods,Mar '20,233.90,1177.24,2392.98,-0.198991786,148.6,0.058,643.08,544.94,12.58,557.52,85.56,425.26,-25.13,0,34.85,11.24,0,0,0,0,0,404.3,138.27,-201.43,5.98,-207.41,0,-207.41,2.94,-210.35,0,0,-210.35,23.2,0,0,-45.33,
Heritage Foods,Dec '19,364.00,1177.24,4509.77,0.884583239,150.4,0.074,661.6,533.29,13.66,546.95,114.65,145.89,-6.58,0,38.1,12.3,0,0,0,0,0,102.07,55.28,24.04,4.94,19.1,0,19.1,4.52,14.58,0,0,14.58,23.2,0,0,3.14,
Heritage Foods,Sep '19,384.15,1177.24,4282.87,-0.050312987,145.8,0.04,665.59,531.46,15.37,546.83,118.76,246.78,7.04,0,37.32,12.42,0,0,0,0,0,190,143.13,15.11,4.76,10.35,0,10.35,-3.68,14.03,0,0,14.03,23.2,0,0,3.03,
Heritage Foods,Jun '19,405.85,1177.24,4149.67,-0.03110064,142.9,0.032,747.18,540.83,18.92,559.75,187.43,151.49,11.47,0,39.3,12.08,0,0,0,0,0,88.64,2.47,38.41,5.13,33.28,0,33.28,11.56,21.72,0,0,21.72,23.2,0,0,4.68,
Heritage Foods,Mar '19,544.65,2708.15,4432.04,0.068046375,140.4,0.029,693.44,472.87,33.34,506.21,187.23,152.13,-14.57,0,31.84,11.09,0,0,0,0,0,123.77,5.69,40.79,5.97,34.82,0,34.82,10.83,23.99,0,0,23.99,23.2,0,0,5.17,
Heritage Foods,Dec '18,527.60,2708.15,3822.07,-0.137627368,140.1,0.021,610.04,477.33,13.41,490.74,119.3,139.42,-7.95,0,35.2,11.16,0,0,0,0,0,101.01,54.97,34.85,4.8,30.05,0,30.05,10.47,19.58,0,0,19.58,23.2,0,0,4.22,
Heritage Foods,Sep '18,507.60,2708.15,5448.55,0.425549506,140.2,0.037,758.36,441.64,12.85,454.49,303.87,267.65,26.05,0,36.15,10.98,0,0,0,0,0,194.47,1.71,37.93,4.47,33.46,0,33.46,13.51,19.95,0,0,19.95,23.2,0,0,4.3,
Heritage Foods,Jun '18,610.15,2708.15,4879.75,-0.104394747,138.5,0.049,634.93,449.04,24.8,473.84,161.09,155.71,30.38,0,33.66,10.48,0,0,0,0,0,81.19,30.42,35.8,5.45,30.35,0,30.35,10.43,19.92,0,0,19.92,23.2,0,0,4.29,
Heritage Foods,Mar '18,689.50,3378.65,4171.72,-0.145095548,136.5,0.043,555.11,439.68,19.95,459.63,95.48,110.59,-25.78,0,29.29,10.09,0,0,0,0,0,96.99,52.28,37.17,5.37,31.8,0,31.8,11.29,20.51,0,0,20.51,23.2,0,0,4.42,
Heritage Foods,Dec '17,826.05,3378.65,3930.99,-0.057705215,137.2,0.052,571.52,445.96,20.17,466.13,105.39,81.13,-16.94,0,30.03,9.34,0,0,0,0,0,58.7,3.99,28.25,4.5,23.75,0,23.75,8.74,15.01,0,0,15.01,23.2,0,0,3.24,
Heritage Foods,Sep '17,724.90,3378.65,3413.19,-0.131722543,135.2,0.033,608.01,457.73,22,479.73,128.28,115,18.83,7.13,30.25,9.03,0,0,0,0,0,49.76,1.63,14.91,3.78,11.13,0,11.13,2.25,8.88,0,0,8.88,23.2,0,0,1.91,
Heritage Foods,Jun '17,554.83,3378.65,2975.01,-0.128378438,132,0.015,609.04,447.29,68.05,515.34,93.7,78.21,-19.16,7.13,30.58,8.52,0,0,0,0,0,51.14,1.37,16.86,3.8,13.06,0,13.06,5.41,7.65,0,0,7.65,23.2,0,0,3.3,
Heritage Foods,Mar '17,538.20,2585.82,3355.09,0.127757554,130.9,0.039,330.8,356.82,-85.21,271.61,59.19,34.51,-13.28,0,13.58,4.47,0,0,0,0,0,29.74,1.46,26.14,3.61,22.53,0,22.53,7.88,14.65,0,0,14.65,23.2,0,0,6.32,
Heritage Foods,Dec '16,442.13,2585.82,3572.84,0.064901389,130.4,0.034,667.07,353.51,168.3,521.81,145.26,116.09,-3.84,0,42.7,9.59,0,0,0,0,0,67.64,0.91,30.08,2.44,27.64,0,27.64,7.69,19.95,0,0,19.95,23.2,0,0,8.6,
Heritage Foods,Sep '16,428.90,2585.82,3006.05,-0.158638506,130.9,0.044,641.31,338.48,141.8,480.28,161.03,137.47,20.84,0,41.52,9.43,0,0,0,0,0,65.68,1.09,24.65,2.46,22.19,0,22.19,6.49,15.7,0,0,15.7,23.2,0,0,6.77,
Heritage Foods,Jun '16,258.80,2585.82,3208.66,0.067400742,130.1,0.058,634.23,332.96,141.64,474.6,159.63,133.17,19.92,0,40.28,9.03,0,0,0,0,0,63.94,1.24,27.7,2.64,25.06,0,25.06,8.54,16.52,0,0,16.52,23.2,0,0,7.12,
Heritage Foods,Mar '16,255.50,1245.34,2503.95,-0.219627508,126,0.048,632.71,368.67,135.82,504.49,128.22,99.74,-8.86,0,38.66,8.97,0,0,0,0,0,60.97,2.7,31.18,3.81,27.37,0,27.37,9.32,18.05,0,0,18.05,23.2,0,0,7.78,
Heritage Foods,Dec '15,285.38,1245.34,2435.4,-0.027376745,126.1,0.056,582.59,375.63,126.5,502.13,80.46,59.05,-40.83,0,34.55,8.56,0,0,0,0,0,56.77,1.17,22.58,3.27,19.31,-1.37,20.68,6.56,14.12,0,0,14.12,23.2,0,0,4.9,
Heritage Foods,Sep '15,194.80,1245.34,3064.43,0.258286113,125.4,0.044,586.83,318.69,119.39,438.08,148.75,122.19,20.62,0,35.02,8.64,0,0,0,0,0,57.91,1.24,27.8,4.01,23.79,0,23.79,8.7,15.09,0.19,0,14.9,23.2,0,0,6.59,
Heritage Foods,Jun '15,187.25,1245.34,3915.3,0.27766012,123,0.054,578.45,350.79,111.26,462.05,116.4,96.84,0.98,0,31.77,8.34,0,0,0,0,0,55.75,1.69,21.25,4.37,16.88,0,16.88,6.15,10.73,-0.01,0,10.74,23.2,0,0,4.62,
Heritage Foods,Mar '15,164.70,865.97,3299.23,-0.157349373,120.2,0.053,544.02,343.61,110.57,454.18,89.84,70.38,-19.38,0,29.42,8.83,0,0,0,0,0,51.51,4.47,23.93,4.4,19.53,0,19.53,6.93,12.6,0,0,12.6,23.2,0,0,5.43,
Heritage Foods,Dec '14,187.80,865.97,3806.55,0.153769213,119.4,0.043,510.8,339.84,102.9,442.74,68.06,58.33,-26.56,0,27.64,8.64,0,0,0,0,0,48.61,0.75,10.48,3.47,7.01,0,7.01,1.52,5.49,0,0,5.49,23.2,0,0,2.36,
Heritage Foods,Sep '14,172.73,865.97,5835.69,0.533065374,120.1,0.056,512.38,316.05,106.83,422.88,89.5,80.56,-2.13,0,26.5,8.36,0,0,0,0,0,47.83,0.81,9.75,3.76,5.99,0,5.99,1.17,4.82,0,0,4.82,23.2,0,0,2.08,
Heritage Foods,Jun '14,150.93,865.97,6471.05,0.108874872,116.7,0.068,505.77,314.43,101.54,415.97,89.8,79.88,-2.72,0,27.16,8.17,0,0,0,0,0,47.27,1,10.92,4.3,6.62,0,6.62,1.32,5.3,0,0,5.3,23.2,0,0,2.28,
CCL Products India Ltd.,Mar '20,212.10,2732.9,2392.98,-0.198991786,148.6,0.058,170.24,87.53,0,87.53,82.71,42.07,-30.47,0,16.59,6.47,0,0,0,0,0,49.48,75.11,115.75,4.27,111.48,0,111.48,15.04,96.44,0,0,96.44,26.61,0,0,7.25,
CCL Products India Ltd.,Dec '19,201.25,2732.9,4509.77,0.884583239,150.4,0.074,224.02,95.76,0,95.76,128.26,66.47,6.96,0,11.44,6.35,0,0,0,0,0,41.72,0.03,61.82,3.86,57.96,0,57.96,21.88,36.08,0,0,36.08,26.61,0,0,2.71,
CCL Products India Ltd.,Sep '19,239.40,2732.9,4282.87,-0.050312987,145.8,0.04,222.31,130.71,0,130.71,91.6,60.41,-9.03,0,11.56,6.89,0,0,0,0,0,50.99,0.03,31.22,4.64,26.58,0,26.58,2.42,24.16,0,0,24.16,26.61,0,0,1.82,
CCL Products India Ltd.,Jun '19,255.85,2732.9,4149.67,-0.03110064,142.9,0.032,206.08,104.1,0,104.1,101.98,54.31,3.28,0,10.46,5.72,0,0,0,0,0,34.85,58.78,106.45,4.14,102.31,0,102.31,20.06,82.25,0,0,82.25,26.61,0,0,6.18,
CCL Products India Ltd.,Mar '19,284.50,4106.77,4432.04,0.068046375,140.4,0.029,195.78,94.25,0,94.25,101.53,68,16.06,0,10.42,3.07,0,0,0,0,0,38.45,29.53,63.06,2.51,60.55,0,60.55,11.25,49.3,0,0,49.3,26.61,0,0,3.71,
CCL Products India Ltd.,Dec '18,270.25,4106.77,3822.07,-0.137627368,140.1,0.021,180.96,101.45,0,101.45,79.51,42.11,-3.06,0,11.34,3.07,0,0,0,0,0,30.76,0.16,37.56,2.97,34.59,0,34.59,10.77,23.82,0,0,23.82,26.61,0,0,1.79,
CCL Products India Ltd.,Sep '18,251.45,4106.77,5448.55,0.425549506,140.2,0.037,213.95,116.11,0,116.11,97.84,48.38,0.59,0,10.37,3.09,0,0,0,0,0,34.33,0.24,49.7,3.14,46.56,0,46.56,18.4,28.16,0,0,28.16,26.61,0,0,2.12,
CCL Products India Ltd.,Jun '18,271.30,4106.77,4879.75,-0.104394747,138.5,0.049,218.44,147.66,0,147.66,70.78,31.82,-13.56,0,9.25,2.99,0,0,0,0,0,33.14,0.25,39.21,2.35,36.86,0,36.86,12.73,24.13,0,0,24.13,26.61,0,0,1.81,
CCL Products India Ltd.,Mar '18,278.35,4003.17,4171.72,-0.145095548,136.5,0.043,224.8,141.61,0,141.61,83.19,44.37,0.59,0,10.38,2.86,0,0,0,0,0,30.54,0.88,39.7,1.78,37.92,0,37.92,14.51,23.41,0,0,23.41,26.61,0,0,1.76,
CCL Products India Ltd.,Dec '17,299.30,4003.17,3930.99,-0.057705215,137.2,0.052,203.62,121.95,0,121.95,81.67,38.28,-4.88,0,9.51,2.81,0,0,0,0,0,30.84,0.39,43.78,1.56,42.22,0,42.22,14.17,28.05,0,0,28.05,26.61,0,0,2.11,
CCL Products India Ltd.,Sep '17,306.85,4003.17,3413.19,-0.131722543,135.2,0.033,216.69,137.39,0,137.39,79.3,38.49,-6.61,0,9.13,2.8,0,0,0,0,0,33.17,0.25,41.06,1.71,39.35,0,39.35,13.68,25.67,0,0,25.67,26.61,0,0,1.93,
CCL Products India Ltd.,Jun '17,292.75,4003.17,2975.01,-0.128378438,132,0.015,178.22,113.08,0,113.08,65.14,34.73,-5.87,0,8.23,2.75,0,0,0,0,0,29.62,2.49,32.9,1.15,31.75,0,31.75,11.13,20.62,0,0,20.62,26.61,0,0,1.55,
CCL Products India Ltd.,Mar '17,342.30,4646.44,3355.09,0.127757554,130.9,0.039,208.3,112.01,0,112.01,96.29,49.21,1.85,0,8.8,2.7,0,0,0,0,0,35.86,0.25,47.33,2.93,44.4,0,44.4,17.46,26.94,0,0,26.94,26.61,0,0,2.03,
CCL Products India Ltd.,Dec '16,266.55,4646.44,3572.84,0.064901389,130.4,0.034,225.81,109.48,0,109.48,116.33,57.1,3.33,9.48,12.17,2.71,0,0,0,0,0,29.41,0.19,59.42,1.18,58.24,0,58.24,20.33,37.91,0,0,37.91,26.61,0,0,2.85,
CCL Products India Ltd.,Sep '16,260.90,4646.44,3006.05,-0.158638506,130.9,0.044,100.01,58.22,0,58.22,41.79,26.56,-1.42,4.71,5.32,2.79,0,0,0,0,0,15.16,0.36,15.59,1.11,14.48,0,14.48,5.3,9.18,0,0,9.18,26.61,0,0,0.69,
CCL Products India Ltd.,Jun '16,248.40,4646.44,3208.66,0.067400742,130.1,0.058,173.26,105.03,0,105.03,68.23,31.1,-8.02,8.72,7.23,2.46,0,0,0,0,0,20.71,0.38,37.51,1.6,35.91,0,35.91,11.21,24.7,0,0,24.7,26.61,0,0,1.86,
CCL Products India Ltd.,Mar '16,195.05,2705.33,2503.95,-0.219627508,126,0.048,180.38,96.02,0,96.02,84.36,48.34,8.12,8.48,7.91,2.47,0,0,0,0,0,21.36,0.27,36.29,1.16,35.13,0,35.13,13.55,21.58,0,0,21.58,26.61,0,0,1.62,
CCL Products India Ltd.,Dec '15,218.00,2705.33,2435.4,-0.027376745,126.1,0.056,160.88,93.81,0,93.81,67.07,36.76,-0.66,9.42,6.8,2.5,0,0,0,0,0,18.7,0.18,30.49,1.06,29.43,0,29.43,10.47,18.96,0,0,18.96,26.61,0,0,1.43,
CCL Products India Ltd.,Sep '15,234.85,2705.33,3064.43,0.258286113,125.4,0.044,178.09,111.39,0,111.39,66.7,33.94,-4.45,8.6,6.48,2.53,0,0,0,0,0,20.78,0.29,33.05,1.18,31.87,0,31.87,10.68,21.19,0,0,21.19,26.61,0,0,1.59,
CCL Products India Ltd.,Jun '15,181.05,2705.33,3915.3,0.27766012,123,0.054,157.84,94.24,0,94.24,63.6,33,2.16,6.01,5.78,2.33,0,0,0,0,0,16.72,0.13,30.73,0.89,29.84,0,29.84,9.62,20.22,0,0,20.22,26.61,0,0,1.52,
CCL Products India Ltd.,Mar '15,178.60,2466.16,3299.23,-0.157349373,120.2,0.053,172.8,102.58,0,102.58,70.22,40,1.86,8.58,6.63,2.34,0,0,0,0,0,20.59,0,30.22,1.38,28.84,0,28.84,10.81,18.03,0,0,18.03,26.61,0,0,1.35,
CCL Products India Ltd.,Dec '14,166.00,2466.16,3806.55,0.153769213,119.4,0.043,171.22,105.66,0,105.66,65.56,35.13,-3.64,9.76,5.91,2.34,0,0,0,0,0,20.76,0.56,30.99,1.21,29.78,0,29.78,10.29,19.49,0,0,19.49,26.61,0,0,1.46,
CCL Products India Ltd.,Sep '14,114.15,2466.16,5835.69,0.533065374,120.1,0.056,195.35,118.82,0,118.82,76.53,41.48,5.01,10.34,5.63,2.37,0,0,0,0,0,18.13,0.39,35.44,1.19,34.25,0,34.25,12.8,21.45,0,0,21.45,26.61,0,0,1.61,
CCL Products India Ltd.,Jun '14,69.10,2466.16,6471.05,0.108874872,116.7,0.068,132.6,84.08,0,84.08,48.52,25.67,-2.68,7.85,5.07,2.41,0,0,0,0,0,13.02,0.38,23.23,1.85,21.38,0,21.38,5.68,15.7,0,0,15.7,26.61,0,0,1.18,
Gillette India,Mar '20,4836.05,24230.87,2392.98,-0.198991786,148.6,0.058,406.57,93.69,109.82,203.51,203.06,135.55,-23.37,0,29.65,12.93,0,51.69,0,0,0,64.65,3.61,71.12,0.37,70.75,0,70.75,18.37,52.38,0,0,52.38,32.59,0,0,16.07,
Gillette India,Dec '19,6580.40,24230.87,4509.77,0.884583239,150.4,0.074,459.31,9.79,188.62,198.41,260.9,173.47,-13.76,0,27.51,12.52,0,73.24,0,0,0,73.96,4.37,91.8,1.88,89.92,0,89.92,18.85,71.07,0,0,71.07,32.59,0,0,21.81,
Gillette India,Sep '19,7096.15,24230.87,4282.87,-0.050312987,145.8,0.04,462.2,82.33,153.82,236.15,226.05,140.33,-22.52,0,32.74,12.19,0,65.85,0,0,0,52.07,1.68,87.4,0.8,86.6,0,86.6,24.84,61.76,0,0,61.76,32.59,0,0,18.95,
Gillette India,Jun '19,7478.55,24230.87,4149.67,-0.03110064,142.9,0.032,463.97,61.38,139.06,200.44,263.53,246.23,29.98,0,26.07,12.69,0,50.62,0,0,0,126.87,2.42,19.72,3.92,15.8,0,15.8,-30.02,45.82,0,0,45.82,32.59,0,0,14.07,
Gillette India,Mar '19,6564.65,20754.43,4432.04,0.068046375,140.4,0.029,465.51,52.41,119.59,172,293.51,159.39,22.27,0,25.14,12.04,0,29.93,0,0,0,70.01,3.33,137.45,1.29,136.16,0,136.16,48.4,87.76,0,0,87.76,32.59,0,0,26.93,
Gillette India,Dec '18,6496.70,20754.43,3822.07,-0.137627368,140.1,0.021,475.66,74.95,196.74,271.69,203.97,117.6,-76.93,0,25.04,11.63,0,95.7,0,0,0,62.16,4.05,90.42,1.74,88.68,0,88.68,34.69,53.99,0,0,53.99,32.59,0,0,16.56,
Gillette India,Sep '18,6652.50,20754.43,5448.55,0.425549506,140.2,0.037,456.51,44.4,153.08,197.48,259.03,163.52,1.97,0,32.05,11.34,0,54.24,0,0,0,63.92,3.8,99.31,0.9,98.41,0,98.41,33.06,65.35,0,0,65.35,32.59,0,0,20.06,
Gillette India,Jun '18,6440.95,20754.43,4879.75,-0.104394747,138.5,0.049,409.76,29.83,126.34,156.17,253.59,205.59,15.8,0,35.57,11.73,0,53.23,0,0,0,89.26,8.57,56.57,4.12,52.45,0,52.45,17.83,34.62,0,0,34.62,32.59,0,0,10.62,
Gillette India,Mar '18,6539.35,16534.91,4171.72,-0.145095548,136.5,0.043,451.54,28.98,139.65,168.63,282.91,176.29,18.39,0,29.86,11.45,0,61.22,0,0,0,55.37,1.06,107.68,0.84,106.84,0,106.84,35.52,71.32,0,0,71.32,32.59,0,0,21.89,
Gillette India,Dec '17,6779.95,16534.91,3930.99,-0.057705215,137.2,0.052,407.52,47.25,136.87,184.12,223.4,135.41,-15.98,0,24.58,9.93,0,56.89,0,0,0,59.99,2,89.99,1.39,88.6,0,88.6,29.83,58.77,0,0,58.77,32.59,0,0,18.03,
Gillette India,Sep '17,5598.30,16534.91,3413.19,-0.131722543,135.2,0.033,408.03,35.26,128.1,163.36,244.67,147.95,2.65,0,27.92,9.18,0,45.85,0,0,0,62.35,1.12,97.84,1.11,96.73,0,96.73,32.39,64.34,0,0,64.34,32.59,0,0,19.75,
Gillette India,Jun '17,5109.10,16534.91,2975.01,-0.128378438,132,0.015,407.6,81.68,118.58,200.26,207.34,153.63,-20.19,0,19.13,13.51,0,72.54,0,0,0,68.64,4.9,58.61,2.68,55.93,0,55.93,18.26,37.67,0,0,37.67,32.59,0,0,11.56,
Gillette India,Mar '17,4233.75,14371.75,3355.09,0.127757554,130.9,0.039,524.89,111.39,89.22,200.61,324.28,173.14,26.08,0,36.04,8.38,0,51.21,0,0,0,51.43,8.44,159.58,2.05,157.53,0,157.53,51.71,105.82,0,0,105.82,32.59,0,0,32.47,
Gillette India,Dec '16,4286.30,14371.75,3572.84,0.064901389,130.4,0.034,389.38,76.51,122.74,199.25,190.13,124.64,-19.33,0,25.48,8.92,0,51.82,0,0,0,57.75,15.6,81.09,0.93,80.16,0,80.16,25.41,54.75,0,0,54.75,32.59,0,0,16.8,
Gillette India,Sep '16,4326.15,14371.75,3006.05,-0.158638506,130.9,0.044,411.73,103.87,102.45,206.32,205.41,132.51,-6.96,0,29.07,7.54,0,54.8,0,0,0,48.06,8.88,81.78,1.08,80.7,0,80.7,25.86,54.84,0,0,54.84,32.59,0,0,16.83,
Gillette India,Jun '16,4574.70,14371.75,3208.66,0.067400742,130.1,0.058,509.69,137.34,112.57,249.91,259.78,196.46,-1.79,0,23.44,8.52,0,71.81,0,0,0,94.48,7.84,71.16,0.85,70.31,0,70.31,23.41,46.9,0,0,46.9,32.59,0,0,14.4,
Gillette India,Mar '16,4414.65,14697.39,2503.95,-0.219627508,126,0.048,452.78,129.41,106.44,235.85,216.93,119.01,-29.3,0,29.1,7.65,0,61.32,0,0,0,50.24,10.4,108.32,1.52,106.8,0,106.8,38.01,68.79,0,12.28,56.51,32.59,0,0,24.88,
Gillette India,Dec '15,4663.00,14697.39,2435.4,-0.027376745,126.1,0.056,508.38,112.23,111.84,224.07,284.31,213.88,-3.74,0,27.26,6.79,0,96.38,0,0,0,87.19,9.27,79.7,1.99,77.71,0,77.71,25.72,51.99,0,0,51.99,32.59,0,0,15.95,
Gillette India,Sep '15,4840.90,14697.39,3064.43,0.258286113,125.4,0.044,481.73,108.35,101.75,210.1,271.63,227.93,-1.83,0,28.64,7.4,0,109.97,0,0,0,83.75,10.07,53.77,0.42,53.35,0,53.35,20.06,33.29,0,0,33.29,32.59,0,0,10.22,
Gillette India,Jun '15,4565.40,14697.39,3915.3,0.27766012,123,0.054,540.91,91.12,104.59,195.71,345.2,300.41,33.82,0,28.06,7.93,0,112.37,0,0,0,118.23,70.99,115.78,0.28,115.5,0,115.5,42.67,72.83,0,0,72.83,32.59,0,0,22.35,
Gillette India,Mar '15,4808.55,6794.71,3299.23,-0.157349373,120.2,0.053,494.14,105.75,102.21,207.96,286.18,248.17,16.16,0,31.28,10.56,0,116.71,0,0,0,73.46,6.5,44.51,0.63,43.88,0,43.88,13.12,30.76,0,0,30.76,32.59,0,0,9.44,
Gillette India,Dec '14,3283.60,6794.71,3806.55,0.153769213,119.4,0.043,498.47,136.73,99.81,236.54,261.93,207.16,-23.28,0,28.71,11.89,0,115.25,0,0,0,74.59,5.66,60.43,1.34,59.09,0,59.09,22.23,36.86,0,0,36.86,32.59,0,0,11.31,
Gillette India,Sep '14,2778.55,6794.71,5835.69,0.533065374,120.1,0.056,439.98,67.07,147.4,214.47,225.51,211.32,-1.08,0,25.66,8.5,0,87.47,0,0,0,90.77,15.66,29.85,2.4,27.45,0,27.45,9.77,17.68,0,0,17.68,32.59,0,0,5.43,
Gillette India,Jun '14,2136.95,6794.71,6471.05,0.108874872,116.7,0.068,479.72,66.07,139.17,205.24,274.48,256.3,15.92,0,30.92,8.74,0,110.56,0,0,0,90.16,7.05,25.23,-0.1,25.33,0,25.33,8.57,16.76,0,0,16.76,32.59,0,0,5.14,
Globus Spirits Ltd.,Mar '20,93.95,360.6,2392.98,-0.198991786,148.6,0.058,269.54,174.27,0,174.27,95.27,67.65,-18.43,0,7.81,9.59,0,0,0,0,0,68.68,1.75,29.37,4.95,24.42,0,24.42,2.87,21.55,0,0,21.55,28.8,0,0,7.48,
Globus Spirits Ltd.,Dec '19,141.75,360.6,4509.77,0.884583239,150.4,0.074,352.91,197.95,0,197.95,154.96,129.07,13.26,0,7.75,9.51,0,0,0,0,0,98.55,0.58,26.47,6.21,20.26,0,20.26,5.59,14.67,0,0,14.67,28.8,0,0,5.1,
Globus Spirits Ltd.,Sep '19,131.45,360.6,4282.87,-0.050312987,145.8,0.04,271.68,178.9,0,178.9,92.78,70.77,-19.17,0,8.05,9.54,0,0,0,0,0,72.35,1.13,23.14,6.16,16.98,0,16.98,3.31,13.67,0,0,13.67,28.8,0,0,4.74,
Globus Spirits Ltd.,Jun '19,137.60,360.6,4149.67,-0.03110064,142.9,0.032,295.62,187.32,0,187.32,108.3,88.63,-1.4,0,7.5,9.22,0,0,0,0,0,73.31,1.38,21.05,6.2,14.85,0,14.85,5.44,9.41,0,0,9.41,28.8,0,0,3.27,
Globus Spirits Ltd.,Mar '19,138.45,596.95,4432.04,0.068046375,140.4,0.029,270.89,173.24,0,173.24,97.65,79,-4.03,0,6.76,8.84,0,0,0,0,0,67.43,1.92,20.57,6,14.57,0,14.57,0.19,14.38,0,0,14.38,28.8,0,0,5.01,
Globus Spirits Ltd.,Dec '18,166.55,596.95,3822.07,-0.137627368,140.1,0.021,256.78,157.85,0,157.85,98.93,87.14,0,0,6.91,9.13,0,0,0,0,0,71.1,4.11,15.9,6.71,9.19,0,9.19,3.34,5.85,0,0,5.85,28.8,0,0,2.03,
Globus Spirits Ltd.,Sep '18,146.30,596.95,5448.55,0.425549506,140.2,0.037,225.14,129.52,0,129.52,95.62,85.32,4.64,0,6.36,9.13,0,0,0,0,0,65.19,1.16,11.46,7.08,4.38,0,4.38,1.57,2.81,0,0,2.81,28.8,0,0,0.98,
Globus Spirits Ltd.,Jun '18,120.05,596.95,4879.75,-0.104394747,138.5,0.049,231.51,139.89,0,139.89,91.62,74.23,-3.62,0,5.57,9.01,0,0,0,0,0,63.27,0.77,18.16,6.52,11.64,0,11.64,4.09,7.55,0,0,7.55,28.8,0,0,2.62,
Globus Spirits Ltd.,Mar '18,116.85,556.22,4171.72,-0.145095548,136.5,0.043,229.34,131.29,0,131.29,98.05,89.56,-6.5,0,5.73,9.15,0,0,0,0,0,81.18,0.99,9.48,6.67,2.81,0,2.81,1.44,1.37,0,0,1.37,28.8,0,0,0.49,
Globus Spirits Ltd.,Dec '17,162.85,556.22,3930.99,-0.057705215,137.2,0.052,258.3,154.69,0,154.69,103.61,95.74,-4.42,0,5.91,9.05,0,0,0,0,0,85.2,0.74,8.61,6.54,2.07,0,2.07,0.8,1.27,0,0,1.27,28.8,0,0,0.44,
Globus Spirits Ltd.,Sep '17,78.80,556.22,3413.19,-0.131722543,135.2,0.033,224.87,136.56,0,136.56,88.31,79.96,-9.97,0,5.73,9.38,0,0,0,0,0,74.82,2.65,11,6.83,4.17,0,4.17,1.42,2.75,0,0,2.75,28.8,0,0,0.96,
Globus Spirits Ltd.,Jun '17,69.25,556.22,2975.01,-0.128378438,132,0.015,256.5,144.23,0,144.23,112.27,103.8,18.46,0,5.44,8.61,0,0,0,0,0,71.29,1.1,9.57,7.1,2.47,0,2.47,0.9,1.57,0,0,1.57,28.8,0,0,0.54,
Globus Spirits Ltd.,Mar '17,76.25,466.33,3355.09,0.127757554,130.9,0.039,210.67,128.36,0,128.36,82.31,84.36,-3.6,0,5.55,11.17,0,0,0,0,0,71.24,1.45,-0.6,7.46,-8.06,0,-8.06,-8.64,0.58,0,0,0.58,28.8,0,0,0.2,
Globus Spirits Ltd.,Dec '16,88.40,466.33,3572.84,0.064901389,130.4,0.034,220.32,133.51,0,133.51,86.81,79.74,-2.68,0,4.12,9.41,0,0,0,0,0,68.89,1.29,8.36,3.36,5,0,5,2.92,2.08,0,0,2.08,28.8,0,0,0.72,
Globus Spirits Ltd.,Sep '16,110.30,466.33,3006.05,-0.158638506,130.9,0.044,161.86,109.39,0,109.39,52.47,49.88,-12.44,0,3.5,8.74,0,0,0,0,0,50.08,0.74,3.33,3.2,0.13,0,0.13,0.11,0.02,0,0,0.02,28.8,0,0,0.01,
Globus Spirits Ltd.,Jun '16,63.10,466.33,3208.66,0.067400742,130.1,0.058,196.44,106.91,0,106.91,89.53,79.04,8.46,0,3.77,8.78,0,0,0,0,0,58.03,0.95,11.44,3.51,7.93,0,7.93,1.62,6.31,0,0,6.31,28.8,0,0,2.2,
Globus Spirits Ltd.,Mar '16,65.30,390.77,2503.95,-0.219627508,126,0.048,190.98,111.44,0,111.44,79.54,72.6,-0.65,0,3.9,15.08,0,0,0,0,0,54.27,1.45,8.39,4.06,4.33,0,4.33,0.02,4.31,0,0,4.31,28.8,0,0,1.5,
Globus Spirits Ltd.,Dec '15,77.70,390.77,2435.4,-0.027376745,126.1,0.056,196.66,111.73,0,111.73,84.93,76.29,2.42,0,3.88,10.09,0,0,0,0,0,59.9,0.41,9.05,4.63,4.42,0,4.42,0.93,3.49,0,0,3.49,28.8,0,0,1.21,
Globus Spirits Ltd.,Sep '15,59.50,390.77,3064.43,0.258286113,125.4,0.044,161.83,96.21,0,96.21,65.62,60.71,-3.12,0,4.08,8.42,0,0,0,0,0,51.33,1.11,6.02,4.66,1.36,0,1.36,0.1,1.26,0,0,1.26,28.8,0,0,0.44,
Globus Spirits Ltd.,Jun '15,50.80,390.77,3915.3,0.27766012,123,0.054,157.75,88.63,0,88.63,69.12,61.86,3.74,0,3.94,8.57,0,0,0,0,0,45.61,0.84,8.1,3.51,4.59,0,4.59,1.13,3.46,0,0,3.46,28.8,0,0,1.2,
Globus Spirits Ltd.,Mar '15,42.55,239.03,3299.23,-0.157349373,120.2,0.053,152.66,94.01,0,94.01,58.65,51.23,-10.31,0,4.51,7.72,0,0,0,0,0,49.31,1.98,9.4,2.6,6.8,0,6.8,3.23,3.57,0,0,3.57,28.8,0,0,1.31,
Globus Spirits Ltd.,Dec '14,67.35,239.03,3806.55,0.153769213,119.4,0.043,155.56,88.37,0,88.37,67.19,64.41,7.18,0,3.37,7.05,0,0,0,0,0,46.81,1.22,4,3.89,0.11,0,0.11,0,0.11,0,0,0.11,28.8,0,0,0.04,
Globus Spirits Ltd.,Sep '14,81.35,239.03,5835.69,0.533065374,120.1,0.056,136.49,88.85,0,88.85,47.64,42.74,-10.34,0,3.38,6.51,0,0,0,0,0,43.19,0.39,5.29,4.07,1.22,0,1.22,0,1.22,0,0,1.22,28.8,0,0,0.1,
Globus Spirits Ltd.,Jun '14,86.50,239.03,6471.05,0.108874872,116.7,0.068,140.96,80.06,0,80.06,60.9,56.02,14.15,0,3.05,7.45,0,0,0,0,0,31.37,0.76,5.64,3.5,2.14,0,2.14,0,2.14,0,0,2.14,23,0,0,0.51,
Hatsun Agro,Mar '20,393.34,9145.67,2392.98,-0.198991786,148.6,0.058,"1,266.38",867.54,1.34,868.88,397.5,357.26,39.88,0,43.16,78.07,0,0,0,0,0,196.15,-3.82,36.42,27.87,8.55,0,8.55,0.59,7.96,0,0,7.96,16.17,0,0,0.5,
Hatsun Agro,Dec '19,441.00,9145.67,4509.77,0.884583239,150.4,0.074,"1,340.18",984.81,0.21,985.02,355.16,299.58,-27.36,0,41.21,77.69,0,0,0,0,0,208.04,2.05,57.63,27.73,29.9,0,29.9,2,27.9,0,0,27.9,16.17,0,0,1.74,
Hatsun Agro,Sep '19,469.35,9145.67,4282.87,-0.050312987,145.8,0.04,"1,278.55",948.95,0.53,949.48,329.07,265.22,-51.87,0,41.79,71.94,0,0,0,0,0,203.36,1.73,65.58,25.32,40.26,0,40.26,15.02,25.24,0,0,25.24,15.98,0,0,1.58,
Hatsun Agro,Jun '19,537.64,9145.67,4149.67,-0.03110064,142.9,0.032,"1,423.22",883.67,0.61,884.28,538.94,445.02,112.68,0,41.55,68.78,0,0,0,0,0,222.01,8.69,102.61,24.93,77.68,0,77.68,26.5,51.18,0,0,51.18,15.98,0,0,3.17,
Hatsun Agro,Mar '19,528.49,11961.22,4432.04,0.068046375,140.4,0.029,"1,183.04",797.08,0.14,797.22,385.82,338.76,27.27,0,39.96,53.49,0,0,0,0,0,218.04,3.26,50.32,21.93,28.39,0,28.39,8.17,20.22,0,0,20.22,15.98,0,0,1.25,
Hatsun Agro,Dec '18,470.36,11961.22,3822.07,-0.137627368,140.1,0.021,"1,154.48",859.57,0.26,859.83,294.65,249.94,-46.19,0,38.03,49.84,0,0,0,0,0,208.26,1.59,46.3,18.56,27.74,0,27.74,9.21,18.53,0,0,18.53,15.98,0,0,1.12,
Hatsun Agro,Sep '18,522.08,11961.22,5448.55,0.425549506,140.2,0.037,"1,187.10",817.74,0.12,817.86,369.24,294.6,20.39,0,39.53,48.86,0,0,0,0,0,185.82,0.51,75.15,19.28,55.87,0,55.87,17.6,38.27,0,0,38.27,15.98,0,0,2.38,
Hatsun Agro,Jun '18,462.68,11961.22,4879.75,-0.104394747,138.5,0.049,"1,235.68",815.2,0.1,815.3,420.38,345.93,50.89,0,38.41,48.4,0,0,0,0,0,208.23,0.7,75.15,25.95,49.2,0,49.2,11.35,37.85,0,0,37.85,15.22,0,0,2.49,
Hatsun Agro,Mar '18,512.39,11517.73,4171.72,-0.145095548,136.5,0.043,"1,051.58",768.64,0.17,768.81,282.77,251.73,-11.55,0,37.23,44.58,0,0,0,0,0,181.47,2.13,33.17,25.98,7.19,0,7.19,4.71,2.48,0,0,2.48,15.22,0,0,0.16,
Hatsun Agro,Dec '17,611.15,11517.73,3930.99,-0.057705215,137.2,0.052,"1,012.94",808.18,0.54,808.72,204.22,164.54,-87.56,0,37.27,47.29,0,0,0,0,0,167.54,1.19,40.87,21.98,18.89,0,18.89,3.9,14.99,0,0,14.99,15.22,0,0,0.98,
Hatsun Agro,Sep '17,514.09,11517.73,3413.19,-0.131722543,135.2,0.033,"1,066.84",820.62,0.33,820.95,245.89,181.27,-57.96,0,36.62,40.61,0,0,0,0,0,162,2.81,67.43,19.26,48.17,0,48.17,9.95,38.22,0,0,38.22,15.22,0,0,2.51,
Hatsun Agro,Jun '17,441.07,11517.73,2975.01,-0.128378438,132,0.015,"1,168.74",786.03,0.42,786.45,382.29,319.43,55.88,0,35.55,40.47,0,0,0,0,0,187.53,2.46,65.32,20.42,44.9,0,44.9,9.7,35.2,0,0,35.2,15.22,0,0,2.31,
Hatsun Agro,Mar '17,379.52,8442.48,3355.09,0.127757554,130.9,0.039,"1,217.65",785.75,0.23,785.98,431.67,368.74,127.53,0,35.91,54.26,0,0,0,0,0,151.04,2.58,65.51,21.64,43.87,0,43.87,0.57,43.3,0,0,43.3,15.22,0,0,2.85,
Hatsun Agro,Dec '16,268.33,8442.48,3572.84,0.064901389,130.4,0.034,946.82,772.71,0.14,772.85,173.97,118.43,-109.21,0,31.39,32.31,0,0,0,0,0,163.94,0.53,56.07,17.3,38.77,0,38.77,9.95,28.82,0,0,28.82,15.22,0,0,1.89,
Hatsun Agro,Sep '16,247.06,8442.48,3006.05,-0.158638506,130.9,0.044,"1,000.32",747.03,0.13,747.16,253.16,192.47,-32.22,0,30.36,29.72,0,0,0,0,0,164.61,1.46,62.15,15.7,46.45,0,46.45,13.89,32.56,0,0,32.56,15.22,0,0,2.14,
Hatsun Agro,Jun '16,234.38,8442.48,3208.66,0.067400742,130.1,0.058,"1,034.28",691.23,0.12,691.35,342.93,287.87,65.53,0,29.21,28.62,0,0,0,0,0,164.51,0.68,55.74,15.55,40.19,0,40.19,11.12,29.07,0,0,29.07,10.87,0,0,2.67,
Hatsun Agro,Mar '16,216.63,4947.51,2503.95,-0.219627508,126,0.048,893.54,587.76,0.04,587.8,305.74,261.67,65.89,0,31.76,27.34,0,0,0,0,0,136.68,2.75,46.82,16.95,29.87,0,29.87,46.67,-16.8,0,0,-16.8,10.87,0,0,-1.54,
Hatsun Agro,Dec '15,218.83,4947.51,2435.4,-0.027376745,126.1,0.056,830.99,571.43,0.04,571.47,259.52,215.99,36.83,0,25.61,27.13,0,0,0,0,0,126.42,0.39,43.92,17.35,26.57,0,26.57,9.01,17.56,0,0,17.56,10.87,0,0,1.62,
Hatsun Agro,Sep '15,210.02,4947.51,3064.43,0.258286113,125.4,0.044,852.95,666.05,0.01,666.06,186.89,130.14,-56.66,0,25.93,26.84,0,0,0,0,0,134.03,0.67,57.42,17.86,39.56,0,39.56,8.52,31.04,0,0,31.04,10.87,0,0,2.86,
Hatsun Agro,Jun '15,185.22,4947.51,3915.3,0.27766012,123,0.054,867.11,705.37,0.06,705.43,161.68,108.61,-87.92,0,26.93,25.78,0,0,0,0,0,143.82,0.99,54.06,16.1,37.96,0,37.96,9.28,28.68,0,0,28.68,10.87,0,0,2.64,
Hatsun Agro,Mar '15,166.36,3872.97,3299.23,-0.157349373,120.2,0.053,771.41,604.51,0.06,604.57,166.84,136.68,-33.94,0,24.72,26.09,0,0,0,0,0,119.81,0.37,30.53,16.73,13.8,0,13.8,5.13,8.67,0,0,8.67,10.87,0,0,0.8,
Hatsun Agro,Dec '14,163.71,3872.97,3806.55,0.153769213,119.4,0.043,713.23,611.55,0.04,611.59,101.64,72.92,-88.14,0,23.22,25.5,0,0,0,0,0,112.34,1.6,30.32,16.93,13.39,0,13.39,0.49,12.9,0,0,12.9,10.87,0,0,1.19,
Hatsun Agro,Sep '14,169.63,3872.97,5835.69,0.533065374,120.1,0.056,745.2,570.25,0.06,570.31,174.89,147.09,-11.48,0,23.29,23.21,0,0,0,0,0,112.07,1.93,29.73,16.31,13.42,0,13.42,3.15,10.27,0,0,10.27,10.77,0,0,0.95,
Hatsun Agro,Jun '14,147.17,3872.97,6471.05,0.108874872,116.7,0.068,703.25,555.15,0.06,555.21,148.04,130.43,-23.93,0,21.9,19.24,0,0,0,0,0,113.22,2.54,20.15,13.39,6.76,0,6.76,-0.57,7.33,0,0,7.33,10.77,0,0,0.68,
Tasty Bite Eatables,Mar '20,10446.95,2356.29,2392.98,-0.198991786,148.6,0.058,115.08,70.89,0,70.89,44.19,35.87,5.77,0,8.49,4.32,0,0,0,0,0,17.29,4.42,12.74,1.04,11.7,0,11.7,3.18,8.52,0,0,8.52,2.57,0,0,33.25,
Tasty Bite Eatables,Dec '19,8306.80,2356.29,4509.77,0.884583239,150.4,0.074,114.17,76.44,0,76.44,37.73,29.14,-0.54,0,8.25,4.34,0,0,0,0,0,17.09,10.6,19.19,0.94,18.25,0,18.25,4.56,13.69,0,0,13.69,2.57,0,0,53.31,
Tasty Bite Eatables,Sep '19,9664.00,2356.29,4282.87,-0.050312987,145.8,0.04,105.67,72.83,0,72.83,32.84,26.26,-1.7,0,7.44,4.41,0,0,0,0,0,16.11,6.99,13.57,1.1,12.47,0,12.47,1.52,10.95,0,0,10.95,2.57,0,0,42.71,
Tasty Bite Eatables,Jun '19,9357.85,2356.29,4149.67,-0.03110064,142.9,0.032,90.85,66.14,0,66.14,24.71,20.39,-6.67,0,7.26,3.78,0,0,0,0,0,16.02,7.04,11.36,0.45,10.91,0,10.91,3.23,7.68,0,0,7.68,2.57,0,0,29.96,
Tasty Bite Eatables,Mar '19,8358.60,2168.79,4432.04,0.068046375,140.4,0.029,85.43,53.16,0,53.16,32.27,22.61,-2.37,0,6.09,3.37,0,0,0,0,0,15.52,4.04,13.7,0.78,12.92,0,12.92,4.88,8.04,0,0,8.04,2.57,0,0,31.31,
Tasty Bite Eatables,Dec '18,8983.50,2168.79,3822.07,-0.137627368,140.1,0.021,87.76,54.56,0,54.56,33.2,25.65,0.94,0,6.96,3.25,0,0,0,0,0,14.5,4.24,11.79,1.06,10.73,0,10.73,3.79,6.94,0,0,6.94,2.57,0,0,27.01,
Tasty Bite Eatables,Sep '18,8275.20,2168.79,5448.55,0.425549506,140.2,0.037,88.36,54.82,0,54.82,33.54,23.03,-1.44,0,6.85,2.99,0,0,0,0,0,14.63,5.09,15.6,1.24,14.36,0,14.36,5.05,9.31,0,0,9.31,2.57,0,0,36.35,
Tasty Bite Eatables,Jun '18,7445.35,2168.79,4879.75,-0.104394747,138.5,0.049,83.27,47.29,0,47.29,35.98,26.18,-1.11,0,7.1,3.04,0,0,0,0,0,17.15,0.51,10.31,1.25,9.06,0,9.06,3.3,5.76,0,0,5.76,2.57,0,0,22.49,
Tasty Bite Eatables,Mar '18,7463.20,1946.36,4171.72,-0.145095548,136.5,0.043,79.27,41.86,0,41.86,37.41,25.46,2.69,0,5.8,2.99,0,0,0,0,0,13.98,1.64,13.59,0.57,13.02,0,13.02,5.26,7.76,0,0,7.76,2.57,0,0,30.26,
Tasty Bite Eatables,Dec '17,7906.20,1946.36,3930.99,-0.057705215,137.2,0.052,72.81,44.87,0,44.87,27.94,21.35,-1.15,0,8.13,3.06,0,0,0,0,0,11.31,1.48,8.07,0.13,7.94,0,7.94,1.18,6.76,0,0,6.76,2.57,0,0,26.32,
Tasty Bite Eatables,Sep '17,5351.05,1946.36,3413.19,-0.131722543,135.2,0.033,85.05,48.4,1.52,49.92,35.13,22.07,-0.32,0,7.8,2.65,0,0,0,0,0,11.94,2.05,15.11,0.9,14.21,0,14.21,5.78,8.43,0,0,8.43,2.57,0,0,32.84,
Tasty Bite Eatables,Jun '17,4792.10,1946.36,2975.01,-0.128378438,132,0.015,59.19,36.78,0,36.78,22.41,17.41,-2.9,0,8,2.28,0,0,0,0,0,10.03,1.63,6.63,0.74,5.89,0,5.89,2.37,3.52,0,0,3.52,2.57,0,0,13.69,
Tasty Bite Eatables,Mar '17,4658.50,1249.51,3355.09,0.127757554,130.9,0.039,70.18,39.64,0,39.64,30.54,18.9,-0.52,0,7.86,2.33,0,0,0,0,0,9.23,1.42,13.06,0.49,12.57,0,12.57,4.43,8.14,0,0,8.14,2.57,0,0,31.63,
Tasty Bite Eatables,Dec '16,3452.70,1249.51,3572.84,0.064901389,130.4,0.034,64.67,35.87,0,35.87,28.8,20.88,2.38,0,6.99,2.4,0,0,0,0,0,9.11,0.58,8.5,0.53,7.97,0,7.97,3.07,4.9,0,0,4.9,2.57,0,0,19.14,
Tasty Bite Eatables,Sep '16,3981.10,1249.51,3006.05,-0.158638506,130.9,0.044,58.57,36.27,0,36.27,22.3,16.78,-0.41,0,6.86,2.21,0,0,0,0,0,8.12,0.81,6.33,0.29,6.04,0,6.04,1.87,4.17,0,0,4.17,2.57,0,0,16.23,
Tasty Bite Eatables,Jun '16,2680.60,1249.51,3208.66,0.067400742,130.1,0.058,58.85,36.58,0,36.58,22.27,14.12,-2.02,0,6.45,2.14,0,0,0,0,0,7.55,0.26,8.41,0.29,8.12,0,8.12,2.55,5.57,0,0,5.57,2.57,0,0,21.68,
Tasty Bite Eatables,Mar '16,1690.50,463.67,2503.95,-0.219627508,126,0.048,62.93,36.22,0,36.22,26.71,16.51,0.28,0,5.96,1.9,0,0,0,0,0,8.37,0.01,10.21,0.88,9.33,0,9.33,3.42,5.91,0,0,5.91,2.57,0,0,22.92,
Tasty Bite Eatables,Dec '15,1625.25,463.67,2435.4,-0.027376745,126.1,0.056,51.85,30.88,0,30.88,20.97,15.66,0.5,0,5.71,1.89,0,0,0,0,0,7.56,0.08,5.39,0.46,4.93,0,4.93,1.51,3.42,0,0,3.42,2.57,0,0,13.35,
Tasty Bite Eatables,Sep '15,1187.00,463.67,3064.43,0.258286113,125.4,0.044,54.7,32.12,0,32.12,22.58,15.35,0.25,0,4.93,1.86,0,0,0,0,0,8.31,0.16,7.39,0.53,6.86,0,6.86,2.24,4.62,0,0,4.62,2.57,0,0,17.99,
Tasty Bite Eatables,Jun '15,1249.25,463.67,3915.3,0.27766012,123,0.054,38.84,25.53,0,25.53,13.31,9.83,-2.33,0,4.61,1.73,0,0,0,0,0,5.82,0.51,3.99,0.53,3.46,0,3.46,1.28,2.18,0,0,2.18,2.57,0,0,8.53,
Tasty Bite Eatables,Mar '15,605.00,187.97,3299.23,-0.157349373,120.2,0.053,45.55,25.28,0,25.28,20.27,14.72,1.28,0,4.62,1.67,0,0,0,0,0,7.15,0.48,6.03,1.21,4.82,0,4.82,1.64,3.18,0,0,3.18,2.57,0,0,12.36,
Tasty Bite Eatables,Dec '14,583.00,187.97,3806.55,0.153769213,119.4,0.043,40.44,25.21,0,25.21,15.23,11.88,-0.58,0,4.26,1.74,0,0,0,0,0,6.46,0.39,3.74,0.54,3.2,0,3.2,0.9,2.3,0,0,2.3,2.57,0,0,8.92,
Tasty Bite Eatables,Sep '14,613.70,187.97,5835.69,0.533065374,120.1,0.056,47.32,28.63,0,28.63,18.69,13.85,0.27,0,4.41,1.77,0,0,0,0,0,7.4,0.35,5.19,0.54,4.65,0,4.65,1.9,2.75,0,0,2.75,2.57,0,0,10.76,
Tasty Bite Eatables,Jun '14,306.80,187.97,6471.05,0.108874872,116.7,0.068,43.54,27.62,0,27.62,15.92,11.69,-1.06,0,4.42,1.67,0,0,0,0,0,6.66,0.09,4.32,0.49,3.83,0,3.83,1.27,2.56,0,0,2.56,2.57,0,0,10,
HU,Mar '20,2056.90,491383.4,2392.98,-0.198991786,148.6,0.058,"9,011.00","2,389.00","2,001.00",4390,4621,2811,-220,0,355,255,0,"1,164.00",0,0,0,"1,257.00",266,2076,26,2050,-58,2108,473,1635,0,0,1635,216,0,0,7.02,
HU,Dec '19,1923.25,491383.4,4509.77,0.884583239,150.4,0.074,"9,808.00","2,793.00","1,561.00",4354,5454,3241,136,0,454,232,0,"1,163.00",0,0,0,"1,256.00",140,2353,25,2328,-99,2427,613,1814,0,0,1814,216,0,0,7.47,
HU,Sep '19,1982.45,491383.4,4282.87,-0.050312987,145.8,0.04,"9,852.00","3,229.00","1,447.00",4676,5176,2970,-191,0,430,237,0,"1,198.00",0,0,0,"1,296.00",180,2386,31,2355,-47,2402,460,1942,0,0,1942,216,0,0,8.54,
HU,Jun '19,1787.30,491383.4,4149.67,-0.03110064,142.9,0.032,"10,114.00","3,161.00","1,333.00",4494,5620,3187,154,0,452,214,0,"1,161.00",0,0,0,"1,206.00",147,2580,24,2556,7,2549,808,1741,0,0,1741,216,0,0,8.11,
HU,Mar '19,1707.80,365196.8,4432.04,0.068046375,140.4,0.029,"9,945.00","3,319.00","1,284.00",4603,5342,3155,140,0,402,134,0,"1,107.00",0,0,0,"1,372.00",118,2305,7,2298,-71,2369,689,1680,0,0,1680,216,0,0,7.11,
HU,Dec '18,1818.05,365196.8,3822.07,-0.137627368,140.1,0.021,"9,558.00","3,199.00","1,337.00",4536,5022,3109,-118,0,465,133,0,"1,186.00",0,0,0,"1,443.00",106,2019,7,2012,-62,2074,506,1568,0,0,1568,216,0,0,6.67,
HU,Sep '18,1607.65,365196.8,5448.55,0.425549506,140.2,0.037,"9,234.00","3,343.00","1,182.00",4525,4709,2820,-90,0,438,130,0,"1,106.00",0,0,0,"1,236.00",305,2194,7,2187,-35,2222,627,1595,0,0,1595,216,0,0,7.04,
HU,Jun '18,1641.85,365196.8,4879.75,-0.104394747,138.5,0.049,"9,487.00","3,379.00",905,4284,5203,3079,80,0,442,127,0,"1,153.00",0,0,0,"1,277.00",135,2259,7,2252,-59,2311,664,1647,0,0,1647,216,0,0,7.06,
HU,Mar '18,1335.90,285181.4,4171.72,-0.145095548,136.5,0.043,"9,097.00","3,514.00",855,4369,4728,2808,-55,0,400,128,0,"1,070.00",0,0,0,"1,265.00",100,2020,4,2016,-64,2080,601,1479,0,0,1479,216,0,0,6.24,
HU,Dec '17,1368.10,285181.4,3930.99,-0.057705215,137.2,0.052,"8,590.00","3,188.00",768,3956,4634,3075,-51,0,491,121,0,"1,107.00",0,0,0,"1,407.00",152,1711,5,1706,-21,1727,359,1368,0,0,1368,216,0,0,6.13,
HU,Sep '17,1175.15,285181.4,3413.19,-0.131722543,135.2,0.033,"8,309.00","2,885.00","1,061.00",3946,4363,2796,-17,0,435,115,0,"1,023.00",0,0,0,"1,240.00",204,1771,6,1765,36,1729,525,1204,0,0,1204,216,0,0,5.9,
HU,Jun '17,1081.60,285181.4,2975.01,-0.128378438,132,0.015,"8,529.00","2,904.00","1,128.00",4032,4497,2745,52,0,419,114,0,905,0,0,0,"1,255.00",113,1865,6,1859,-13,1872,563,1309,0,0,1309,216,0,0,5.93,
HU,Mar '17,909.75,194835,3355.09,0.127757554,130.9,0.039,"8,213.00","3,116.00",968,4084,4129,2586,-62,0,388,108,0,853,0,0,0,"1,299.00",83,1626,6,1620,-1,1621,436,1185,0,0,1185,216.43,0,0,5.47,
HU,Dec '16,826.30,194835,3572.84,0.064901389,130.4,0.034,"7,705.98","2,573.97","1,021.22",3595.19,4110.79,2855.55,149.45,0,409.26,100.2,0,885.12,0,0,0,"1,311.52",82.44,1337.68,4.56,1333.12,153.05,1180.07,448.24,731.83,0,0,731.83,216.43,0,0,4.8,
HU,Sep '16,867.80,194835,3006.05,-0.158638506,130.9,0.044,"7,842.69","2,754.46","1,087.63",3842.09,4000.6,2690.48,119.95,0,396,94.5,0,851.38,0,0,0,"1,228.65",252.83,1562.95,4.94,1558.01,18.24,1539.77,480.65,1059.12,0,0,1059.12,216.43,0,0,5.06,
HU,Jun '16,898.60,194835,3208.66,0.067400742,130.1,0.058,"8,127.00","2,918.00","1,089.00",4007,4120,2578,-52,0,427,93,0,880,0,0,0,"1,230.00",108,1650,6,1644,71,1573,541,1032,0,0,1032,216,0,0,5.42,
HU,Mar '16,869.50,185053,2503.95,-0.219627508,126,0.048,"7,721.00","2,844.00",977,3821,3900,2516,-52,0,443,88,0,865,0,0,0,"1,172.00",101,1485,2,1483,51,1432,420,1012,0,0,1012,216.39,0,0,5.15,
HU,Dec '15,862.35,185053,2435.4,-0.027376745,126.1,0.056,"7,763.95","2,689.63",976.05,3665.68,4098.27,2750.25,76.7,0,396.92,82.16,0,920.75,0,0,0,"1,273.72",145.07,1493.09,4.49,1488.6,-79.61,1568.21,437.33,1130.88,0,0,1130.88,216.39,0,0,4.49,
HU,Sep '15,813.30,185053,3064.43,0.258286113,125.4,0.044,"7,731.39","2,899.88",975.97,3875.85,3855.54,2595.04,20.68,0,375.39,76.14,0,921.04,0,0,0,"1,201.79",194.36,1454.86,4.53,1450.33,-12.14,1462.47,456.02,1006.45,0,0,1006.45,216.39,0,0,4.45,
HU,Jun '15,916.45,185053,3915.3,0.27766012,123,0.054,"7,844.47","2,833.36","1,022.24",3855.6,3988.87,2551.79,41.97,0,357.92,74.93,0,892.73,0,0,0,"1,184.24",122.96,1560.04,4.67,1555.37,9.76,1545.61,495.97,1049.64,0,0,1049.64,216.38,0,0,4.94,
HU,Mar '15,872.90,186314.36,3299.23,-0.157349373,120.2,0.053,"7,675.63","2,929.18",913.99,3843.17,3832.46,2584.8,-16.22,0,388.42,70.52,0,"1,027.89",0,0,0,"1,114.19",98.41,1346.07,0,1346.07,179.4,1166.67,507.39,659.28,0,0,659.28,216.35,0,0,4.71,
HU,Dec '14,759.50,186314.36,3806.55,0.153769213,119.4,0.043,"7,774.32","2,860.63",949.12,3809.75,3964.57,2706.15,38.24,0,441.79,73.08,0,977.12,0,0,0,"1,175.92",120.07,1378.49,4.24,1374.25,396.58,977.67,518.66,459.01,0,0,459.01,216.32,0,0,5.79,
HU,Sep '14,745.85,186314.36,5835.69,0.533065374,120.1,0.056,"7,639.33","2,974.68",933.39,3908.07,3731.26,2565.61,50.91,0,413.01,76.37,0,925.05,0,0,0,"1,100.27",197.8,1363.45,6.33,1357.12,48.68,1308.44,417.64,890.8,0,0,890.8,216.32,0,0,4.57,
HU,Jun '14,619.50,186314.36,6471.05,0.108874872,116.7,0.068,"7,716.34","3,102.82",901.46,4004.28,3712.06,2462.24,-14.65,0,335.67,66.72,0,944.88,0,0,0,"1,129.62",202.11,1451.93,6.25,1445.68,39.64,1406.04,428.47,977.57,0,0,977.57,216.31,0,0,4.89,
Emami,Mar '20,193.70,7805.02,2392.98,-0.198991786,148.6,0.058,460.45,169.47,37.24,206.71,253.74,316.42,-43.36,0,62.42,83.58,0,74.69,0,0,0,139.09,14.02,-48.66,2.04,-50.7,0,-50.7,-13.68,-37.02,0,0,-37.02,45.32,0,0,-0.82,
Emami,Dec '19,309.80,7805.02,4509.77,0.884583239,150.4,0.074,748.28,191.26,11.1,202.36,545.92,373.8,40.79,0,63.27,83.39,0,112.66,0,0,0,73.69,15,187.12,4.06,183.06,-3.26,186.32,31.89,154.43,0,0,154.43,45.39,0,0,3.26,
Emami,Sep '19,318.20,7805.02,4282.87,-0.050312987,145.8,0.04,592.12,194,13.04,207.04,385.08,280.18,-23.49,0,64.21,80.68,0,77.6,0,0,0,81.18,16.36,121.26,8.94,112.32,0,112.32,16.65,95.67,0,0,95.67,45.39,0,0,2.11,
Emami,Jun '19,298.70,7805.02,4149.67,-0.03110064,142.9,0.032,588.55,155.71,37.98,193.69,394.86,343.72,22.5,0,65.8,78.45,0,106.18,0,0,0,70.79,49.16,100.3,3.86,96.44,0,96.44,13.88,82.56,0,0,82.56,45.39,0,0,1.82,
Emami,Mar '19,400.00,18101.07,4432.04,0.068046375,140.4,0.029,577.96,188.75,56.78,245.53,332.43,272.15,-8.98,0,57.65,79.62,0,77.56,0,0,0,66.3,18.44,78.72,5.61,73.11,0,73.11,24.58,48.53,0,0,48.53,45.39,0,0,1.07,
Emami,Dec '18,418.20,18101.07,3822.07,-0.137627368,140.1,0.021,758.51,193.76,24.83,218.59,539.92,359.47,38.33,0,59.71,77.83,0,112.07,0,0,0,71.53,8.54,188.99,5.57,183.42,-9.8,193.22,35.82,157.4,0,0,157.4,45.39,0,0,3.04,
Emami,Sep '18,493.35,18101.07,5448.55,0.425549506,140.2,0.037,571.92,196.54,22.73,219.27,352.65,250.21,-36.04,0,60.17,78.19,0,82.83,0,0,0,65.06,3.1,105.54,3.89,101.65,0,101.65,23.05,78.6,0,0,78.6,45.39,0,0,1.73,
Emami,Jun '18,527.90,18101.07,4879.75,-0.104394747,138.5,0.049,574.88,148.42,42.56,190.98,383.9,342.36,7.78,0,59.76,82.4,0,126.14,0,0,0,66.28,10.8,52.34,4.22,48.12,0,48.12,7.8,40.32,0,0,40.32,45.39,0,0,0.89,
Emami,Mar '18,534.00,24498,4171.72,-0.145095548,136.5,0.043,568.92,175.08,57,232.08,336.84,257.63,-24,0,47.78,79.4,0,89.78,0,0,0,64.67,3.86,83.07,6.4,76.67,0,76.67,26.46,50.21,0,0,50.21,22.7,0,0,2.21,
Emami,Dec '17,656.20,24498,3930.99,-0.057705215,137.2,0.052,715.59,181.17,32.73,213.9,501.69,315.99,11.95,0,57.43,78.55,0,111.57,0,0,0,56.49,5.57,191.27,8.93,182.34,0,182.34,33.27,149.07,0,0,149.07,22.7,0,0,6.57,
Emami,Sep '17,547.30,24498,3413.19,-0.131722543,135.2,0.033,579.01,154.58,14.56,169.14,409.87,282.64,24.82,0,56.47,73.66,0,0,0,0,0,127.69,6.09,133.32,10.14,123.18,0,123.18,19.24,103.94,0,0,103.94,22.7,0,0,4.58,
Emami,Jun '17,536.40,24498,2975.01,-0.128378438,132,0.015,499.1,155.08,55.13,210.21,288.89,286.9,-23.25,0,55.76,73.7,0,0,0,0,0,180.69,12.76,14.75,7.7,7.05,0,7.05,0.75,6.3,0,0,6.3,22.7,0,0,0.28,
Emami,Mar '17,527.45,21713.63,3355.09,0.127757554,130.9,0.039,527.68,163.03,57.15,220.18,307.5,218.87,-8.69,0,36.41,75.01,0,61.05,0,0,0,55.09,7.73,96.36,16.64,79.72,0,79.72,11.07,68.65,0,0,68.65,22.7,0,0,3.02,
Emami,Dec '16,477.95,21713.63,3572.84,0.064901389,130.4,0.034,682.33,186.77,33.23,220,462.33,283.57,2.93,0,55.6,80.77,0,93.99,0,0,0,50.28,8.02,186.78,12.6,174.18,0,174.18,34.11,140.07,0,0,140.07,22.7,0,0,6.17,
Emami,Sep '16,589.43,21713.63,3006.05,-0.158638506,130.9,0.044,537.37,170.14,25.46,195.6,341.77,242.46,-13.74,0,52.19,78.19,0,75.87,0,0,0,49.95,25.39,124.7,15.92,108.78,0,108.78,20.3,88.48,0,0,88.48,22.7,0,0,3.9,
Emami,Jun '16,550.03,21713.63,3208.66,0.067400742,130.1,0.058,593.37,164.16,48.21,212.37,381,313.36,6.31,0,50.76,70.7,0,134.87,0,0,0,50.72,4.05,71.69,12.46,59.23,0,59.23,10.06,49.17,0,0,49.17,22.7,0,0,2.17,
Emami,Mar '16,465.40,22502.79,2503.95,-0.219627508,126,0.048,539.11,172.93,53.02,225.95,313.16,228.67,-17.96,0,36.57,89.05,0,68.95,0,0,0,52.06,7.95,92.44,13.24,79.2,0,79.2,9.16,70.04,0,0,70.04,22.7,0,0,3.09,
Emami,Dec '15,499.08,22502.79,2435.4,-0.027376745,126.1,0.056,674.56,171.77,50.3,222.07,452.49,280.49,8.43,0,47.16,70.74,0,101.89,0,0,0,52.27,6.66,178.66,17.1,161.56,0,161.56,30.41,131.15,0,0,131.15,22.7,0,0,5.78,
Emami,Sep '15,576.40,22502.79,3064.43,0.258286113,125.4,0.044,480.57,136.59,44.64,181.23,299.34,228.21,-10.61,0,45.75,70.49,0,73.04,0,0,0,49.54,6.31,77.44,19.08,58.36,0,58.36,12.52,45.84,0,0,45.84,22.7,0,0,2.02,
Emami,Jun '15,579.93,22502.79,3915.3,0.27766012,123,0.054,494.32,163.56,36.24,199.8,294.52,220.12,0.05,0,42.28,21.85,0,108.16,0,0,0,47.78,18.21,92.61,4.33,88.28,0,88.28,3.16,85.12,0,0,85.12,22.7,0,0,3.75,
Emami,Mar '15,502.73,9626.87,3299.23,-0.157349373,120.2,0.053,495.74,136.77,40.79,177.56,318.18,201,13.14,0,28.92,9.97,0,65.91,0,0,0,83.06,30.03,147.21,0.92,146.29,0,146.29,13.95,132.34,0,0,132.34,22.7,0,0,5.83,
Emami,Dec '14,394.38,9626.87,3806.55,0.153769213,119.4,0.043,626.76,174.67,34.34,209.01,417.75,242.21,9.19,0,39.04,9.34,0,104,0,0,0,80.64,35.86,211.4,1.96,209.44,0,209.44,47.03,162.41,0,0,162.41,22.7,0,0,7.16,
Emami,Sep '14,348.70,9626.87,5835.69,0.533065374,120.1,0.056,444.1,152.92,30.43,183.35,260.75,161.7,-26.13,0,39.09,8.35,0,70.41,0,0,0,69.98,14.92,113.97,1.27,112.7,0,112.7,23.58,89.12,0,0,89.12,22.7,0,0,3.93,
Emami,Jun '14,253.73,9626.87,6471.05,0.108874872,116.7,0.068,442.04,125.17,36.1,161.27,280.77,215.81,16.82,0,37.05,3.82,0,87.41,0,0,0,70.71,22.34,87.3,0.75,86.55,0,86.55,20.79,65.76,0,0,65.76,22.7,0,0,2.9,
Britannia,Mar '20,3380.20,65849.04,2392.98,-0.198991786,148.6,0.058,"2,691.94","1,125.07",453.58,1578.65,1113.29,722.34,80.37,0,89.65,39.32,0,0,0,0,0,513,75.21,466.16,20.68,445.48,0,445.48,64.32,381.16,0,0,381.16,24.05,0,0,15.85,
Britannia,Dec '19,3027.26,65849.04,4509.77,0.884583239,150.4,0.074,"2,819.19","1,314.27",387.67,1701.94,1117.25,673.94,-6.83,0,92.26,38.44,0,0,0,0,0,550.07,64.6,507.91,22.13,485.78,0,485.78,125.43,360.35,0,0,360.35,24.05,0,0,14.99,
Britannia,Sep '19,2946.20,65849.04,4282.87,-0.050312987,145.8,0.04,"2,896.09","1,404.88",382.17,1787.05,1109.04,675.34,-32.17,0,94.18,36.65,0,0,0,0,0,576.68,130.2,563.9,14.04,549.86,35,514.86,92.28,422.58,0,0,422.58,24.03,0,0,20.5,
Britannia,Jun '19,2743.56,65849.04,4149.67,-0.03110064,142.9,0.032,"2,579.46","1,208.45",320.13,1528.58,1050.88,699.96,20.14,0,92.78,37.28,0,0,0,0,0,549.76,65.54,416.46,8.32,408.14,-16,424.14,141.93,282.21,0,0,282.21,24.03,0,0,10.41,
Britannia,Mar '19,3081.96,74019.04,4432.04,0.068046375,140.4,0.029,"2,668.10","1,210.55",342.78,1553.33,1114.77,728.83,23.62,0,77.61,36.28,0,0,0,0,0,591.32,58.3,444.24,0.34,443.9,0,443.9,154.21,289.69,0,0,289.69,24.03,0,0,12.05,
Britannia,Dec '18,3118.40,74019.04,3822.07,-0.137627368,140.1,0.021,"2,703.19","1,314.29",351.01,1665.3,1037.89,628.49,-73.76,0,85.57,36.85,0,0,0,0,0,579.83,55.42,464.82,0.37,464.45,0,464.45,161.75,302.7,0,0,302.7,24.03,0,0,12.6,
Britannia,Sep '18,2900.46,74019.04,5448.55,0.425549506,140.2,0.037,"2,704.62","1,283.35",347.51,1630.86,1073.76,680.59,13.73,0,78.41,31.49,0,0,0,0,0,556.96,39.53,432.7,0.36,432.34,0,432.34,148.77,283.57,0,0,283.57,24.03,0,0,23.61,
Britannia,Jun '18,3098.20,74019.04,4879.75,-0.104394747,138.5,0.049,"2,406.69","1,136.58",340.58,1477.16,929.53,592.18,-12.61,0,80.05,30.38,0,0,0,0,0,494.36,38.54,375.89,0.47,375.42,0,375.42,129.18,246.24,0,0,246.24,24.01,0,0,20.51,
Britannia,Mar '18,2485.74,59594.32,4171.72,-0.145095548,136.5,0.043,"2,388.38",855.79,617.8,1473.59,914.79,581.24,16.45,0,81.28,36.3,0,0,0,0,0,447.21,40.02,373.57,0.31,373.26,0,373.26,128.57,244.69,0,0,244.69,24.01,0,0,20.38,
Britannia,Dec '17,2357.88,59594.32,3930.99,-0.057705215,137.2,0.052,"2,411.00","1,287.71",301.6,1589.31,821.69,474.58,-94.72,0,66.92,27.48,0,0,0,0,0,474.9,32.76,379.87,0.38,379.49,0,379.49,130.32,249.17,0,0,249.17,24.01,0,0,20.75,
Britannia,Sep '17,2172.04,59594.32,3413.19,-0.131722543,135.2,0.033,"2,385.38","1,188.63",238.61,1427.24,958.14,633.18,60.56,0,81.22,28.2,0,0,0,0,0,463.2,49.23,374.19,0.44,373.75,0,373.75,128.41,245.34,0,0,245.34,24.01,0,0,20.43,
Britannia,Jun '17,1847.34,59594.32,2975.01,-0.128378438,132,0.015,"2,119.30","1,073.04",214.45,1287.49,831.81,546.79,13.53,0,65.46,27.78,0,0,0,0,0,440.02,33.99,319.01,0.32,318.69,0,318.69,110,208.69,0,0,208.69,24,0,0,17.39,
Britannia,Mar '17,1691.46,40541.69,3355.09,0.127757554,130.9,0.039,"2,089.34","1,080.34",236.99,1317.33,772.01,512.7,-18.43,0,61.22,26.83,0,0,0,0,0,443.08,32.55,291.86,0.35,291.51,0,291.51,94.78,196.73,0,0,196.73,24,0,0,16.39,
Britannia,Dec '16,1441.10,40541.69,3572.84,0.064901389,130.4,0.034,"2,115.96","1,085.98",235.74,1321.72,794.24,524.24,-6.31,0,60.17,24.3,0,0,0,0,0,446.08,37.93,307.93,0.36,307.57,0,307.57,96.81,210.76,0,0,210.76,24,0,0,17.56,
Britannia,Sep '16,1683.40,40541.69,3006.05,-0.158638506,130.9,0.044,"2,222.39","1,172.32",223.61,1395.93,826.46,526.66,-8.53,0,60.49,23.06,0,0,0,0,0,451.64,40.3,340.1,0.34,339.76,0,339.76,112.19,227.57,0,0,227.57,24,0,0,18.97,
Britannia,Jun '16,1378.40,40541.69,3208.66,0.067400742,130.1,0.058,"1,984.91","1,003.20",208.44,1211.64,773.27,496.49,-15.97,0,59.01,21.76,0,0,0,0,0,431.69,37.59,314.37,0.29,314.08,0,314.08,103.69,210.39,0,0,210.39,24,0,0,17.53,
Britannia,Mar '16,1337.78,32082.29,2503.95,-0.219627508,126,0.048,"1,960.39",942.69,204.1,1146.79,813.6,570.78,43.19,0,53.95,23.99,0,0,0,0,0,449.65,34.82,277.64,0.31,277.33,0,277.33,85.47,191.86,0,0,191.86,24,0,0,15.99,
Britannia,Dec '15,1481.86,32082.29,2435.4,-0.027376745,126.1,0.056,"1,986.81","1,004.55",225.09,1229.64,757.17,487.63,-36.73,0,57.21,21.34,0,0,0,0,0,445.81,30.34,299.88,0.34,299.54,0,299.54,102.82,196.72,0,0,196.72,24,0,0,16.4,
Britannia,Sep '15,1541.46,32082.29,3064.43,0.258286113,125.4,0.044,"1,980.86",975.33,212.75,1188.08,792.78,511.71,-9.17,0,52.14,20.6,0,0,0,0,0,448.14,32.1,313.17,0.3,312.87,0,312.87,107.33,205.54,0,0,205.54,24,0,0,17.13,
Britannia,Jun '15,1381.68,32082.29,3915.3,0.27766012,123,0.054,"1,799.82",888,191.07,1079.07,720.75,482.45,-4.41,0,51.72,20.87,0,0,0,0,0,414.27,22.93,261.23,0.3,260.93,0,260.93,90.19,170.74,0,0,170.74,24,0,0,14.23,
Britannia,Mar '15,1079.26,25705.27,3299.23,-0.157349373,120.2,0.053,"1,872.02",915.7,137.75,1053.45,818.57,639.46,38.75,0,47.03,42.1,0,169.48,0,0,0,342.1,29,208.11,0.26,207.85,-4,211.85,62.81,149.04,0,0,149.04,23.99,0,0,11.76,
Britannia,Dec '14,920.10,25705.27,3806.55,0.153769213,119.4,0.043,"1,852.33",930.59,223.11,1153.7,698.63,529.91,-35.08,0,44.62,25.52,0,139.98,0,0,0,354.87,20.52,189.24,0.32,188.92,-12.12,201.04,56.28,144.76,0,0,144.76,23.99,0,0,10.05,
Britannia,Sep '14,698.44,25705.27,5835.69,0.533065374,120.1,0.056,"1,817.41",926.1,208.78,1134.88,682.53,511.18,-32.19,0,42.81,25.1,0,123.62,0,0,0,351.84,18.52,189.87,0.35,189.52,159.92,29.6,96.4,-66.8,0,0,-66.8,23.99,0,0,21.1,
Britannia,Jun '14,503.44,25705.27,6471.05,0.108874872,116.7,0.068,"1,634.23",820.6,179.69,1000.29,633.94,500.71,3.04,0,44.07,24.55,0,117.58,0,0,0,311.47,19.57,152.8,0.28,152.52,0,152.52,44.71,107.81,0,0,107.81,23.99,0,0,8.99,
Nestle,Mar '20,17533.85,141349.79,2392.98,-0.198991786,148.6,0.058,"3,325.27","1,483.78",69.65,1553.43,1771.84,1069.88,-100.13,0,358.37,91.35,0,0,0,7.26,0,713.03,42.85,744.81,40.96,703.85,0,703.85,178.42,525.43,0,0,525.43,96.42,0,0,54.5,
Nestle,Dec '19,14789.95,141349.79,4509.77,0.884583239,150.4,0.074,"3,149.29","1,469.59",56.73,1526.32,1622.97,1024.67,-164.91,0,322.66,79.57,0,0,0,-4.92,0,792.27,44.7,643,28.38,614.62,0,614.62,141.6,473.02,0,0,473.02,96.42,0,0,49.06,
Nestle,Sep '19,13912.50,141349.79,4282.87,-0.050312987,145.8,0.04,"3,215.81","1,254.74",56.79,1311.53,1904.28,1230.87,53.47,0,321.97,78.02,0,0,0,8.08,0,769.33,56.4,729.81,29.92,699.89,0,699.89,104.48,595.41,0,0,595.41,96.42,0,0,61.76,
Nestle,Jun '19,11920.65,141349.79,4149.67,-0.03110064,142.9,0.032,"3,000.85","1,217.30",52.35,1269.65,1731.2,1114.72,-17.48,0,314.56,80.82,0,0,0,0,0,736.82,72.59,689.07,29.92,659.15,0,659.15,221.31,437.84,0,0,437.84,96.42,0,0,45.41,
Nestle,Mar '19,10994.25,105521.18,4432.04,0.068046375,140.4,0.029,"3,002.95","1,208.67",51.94,1260.61,1742.34,1082.59,-15.27,0,303.76,77.95,0,0,0,11.76,0,704.39,73.19,732.94,31.61,701.33,0,701.33,238.05,463.28,0,0,463.28,96.42,0,0,48.05,
Nestle,Dec '18,11107.25,105521.18,3822.07,-0.137627368,140.1,0.021,"2,897.27","1,200.86",61.07,1261.93,1635.34,1163.2,-72.5,0,279.89,78.42,0,0,0,14.72,0,862.67,75.23,547.37,25.17,522.2,0,522.2,180.44,341.76,0,0,341.76,96.42,0,0,33.45,
Nestle,Sep '18,9705.70,105521.18,5448.55,0.425549506,140.2,0.037,"2,939.36","1,080.03",66.83,1146.86,1792.5,1160.31,37.26,0,290.39,93.01,0,0,0,16.82,0,722.83,67.03,699.22,27.46,671.76,0,671.76,225.65,446.11,0,0,446.11,96.42,0,0,46.27,
Nestle,Jun '18,9808.55,105521.18,4879.75,-0.104394747,138.5,0.049,"2,698.40",968.73,51.43,1020.16,1678.24,1114.91,68.83,0,284.88,81.71,0,0,0,15.57,0,663.92,60.23,623.56,28.25,595.31,0,595.31,200.28,395.03,0,0,395.03,96.42,0,0,40.97,
Nestle,Mar '18,8202.15,74219.21,4171.72,-0.145095548,136.5,0.043,"2,757.24","1,116.06",51.23,1167.29,1589.95,975.63,-39.6,0,268.99,82.53,0,0,0,15.06,0,648.65,56.43,670.75,31.07,639.68,0,639.68,215.65,424.03,0,0,424.03,96.42,0,0,43.98,
Nestle,Dec '17,7845.00,74219.21,3930.99,-0.057705215,137.2,0.052,"2,601.46","1,098.96",57.35,1156.31,1445.15,995.44,-87.05,0,260.73,83.76,0,0,0,31.69,0,706.31,51.09,500.8,23.39,477.41,0,477.41,165.58,311.83,0,0,311.83,96.42,0,0,32.34,
Nestle,Sep '17,7222.25,74219.21,3413.19,-0.131722543,135.2,0.033,"2,514.05","1,010.69",43.66,1054.35,1459.7,962.09,30.31,0,257.48,86.39,0,0,0,-0.09,0,588,0,497.61,-20.18,517.79,0,517.79,174.62,343.17,0,0,343.17,96.42,0,0,35.59,
Nestle,Jun '17,6723.05,74219.21,2975.01,-0.128378438,132,0.015,"2,402.21",987.6,34.92,1022.52,1379.69,1003.46,56.54,0,253.13,85.44,0,0,0,-3.05,0,611.4,0,376.23,-18.34,394.57,0,394.57,131.14,263.43,0,0,263.43,96.42,0,0,27.32,
Nestle,Mar '17,6681.20,57292.48,3355.09,0.127757554,130.9,0.039,"2,491.88","1,134.41",38.83,1173.24,1318.64,887.91,-79.36,0,246.11,86.66,0,0,0,9.81,0,624.69,0,430.73,-18.8,449.53,0,449.53,142.77,306.76,0,0,306.76,96.42,0,0,31.82,
Nestle,Dec '16,6029.80,57292.48,3572.84,0.064901389,130.4,0.034,"2,286.16",995.17,34.5,1029.67,1256.49,897.49,-70.57,0,269.97,87.32,0,0,0,9.13,0,601.64,40.54,399.54,-0.45,399.99,-119.98,519.97,112.7,407.27,0,0,407.27,96.42,0,0,17.36,
Nestle,Sep '16,6428.20,57292.48,3006.05,-0.158638506,130.9,0.044,"2,363.49",903.47,29.79,933.26,1430.23,1043.31,52.7,0,248.52,88.23,0,0,0,9.52,0,644.34,37.39,424.31,0.06,424.25,-27.58,451.83,127.28,324.55,0,0,324.55,96.42,0,0,27.94,
Nestle,Jun '16,6488.75,57292.48,3208.66,0.067400742,130.1,0.058,"2,271.69",911.03,22.17,933.2,1338.49,958.96,16.34,0,240.72,88.94,0,0,0,11.36,0,601.6,36.61,416.14,0.06,416.08,-71.61,487.69,113.63,374.06,0,0,374.06,96.42,0,0,23.94,
Nestle,Mar '16,5768.95,55674.15,2503.95,-0.219627508,126,0.048,"2,283.72",965.42,28.92,994.34,1289.38,865.84,-7.15,0,212.56,89.13,0,0,0,46.36,0,524.94,35.32,458.86,25.92,432.94,20.18,412.76,165.8,246.96,0,0,246.96,96.42,0,0,29.8,
Nestle,Dec '15,5824.10,55674.15,2435.4,-0.027376745,126.1,0.056,"1,959.46",869.07,23.02,892.09,1067.37,769.36,-83.94,0,224.74,89.7,0,0,0,9.16,0,529.7,27.27,325.28,-0.2,325.48,-59.39,384.87,82.9,301.97,0,0,301.97,96.42,0,0,19,
Nestle,Sep '15,6350.35,55674.15,3064.43,0.258286113,125.4,0.044,"1,742.36",660.5,20.67,681.17,1061.19,863.81,61.68,0,210.85,90.55,0,0,0,7.73,0,493,27.22,224.6,0.02,224.58,-45.04,269.62,55.34,214.28,0,0,214.28,96.42,0,0,12.88,
Nestle,Jun '15,6345.65,55674.15,3915.3,0.27766012,123,0.054,"1,957.01",718.8,28.51,747.31,1209.7,887.07,108.03,0,188,72,0,0,0,7.81,0,511.23,30.13,352.76,0.06,352.7,-471.26,823.96,-54.16,878.12,0,0,878.12,96.42,0,0,-6.68,
Nestle,Mar '15,6941.90,61087.78,3299.23,-0.157349373,120.2,0.053,"2,516.48","1,110.50",25.87,1136.37,1380.11,915.61,-73.8,0,201.28,95.01,0,0,0,8.61,0,684.51,25.47,489.97,3.41,486.56,0,486.56,166.28,320.28,0,0,320.28,96.42,0,0,33.22,
Nestle,Dec '14,6379.80,61087.78,3806.55,0.153769213,119.4,0.043,"2,530.94","1,124.79",21.17,1145.96,1384.98,919.98,-23.78,0,204.31,84.82,0,0,0,9.11,0,645.52,17.73,482.73,0,482.73,7,475.73,163.35,312.38,0,0,312.38,96.42,0,0,33.85,
Nestle,Sep '14,5979.55,61087.78,5835.69,0.533065374,120.1,0.056,"2,570.42","1,084.16",24.67,1108.83,1461.59,998.65,71.4,0,191.27,84.62,0,0,0,9.01,0,642.35,15.54,478.48,0.2,478.28,-16.23,494.51,150.76,343.75,0,0,343.75,96.42,0,0,32.28,
Nestle,Jun '14,4946.00,61087.78,6471.05,0.108874872,116.7,0.068,"2,431.97","1,123.47",32.85,1156.32,1275.65,852.59,-5.43,0,191.85,84.18,0,0,0,9.39,0,572.6,23.12,446.18,3.77,442.41,-16.38,458.79,138.17,320.62,0,0,320.62,96.42,0,0,29.86,
Marico,Mar '20,344.10,35485.65,2392.98,-0.198991786,148.6,0.058,"1,188.00",686,38,724,464,276,-81,0,68,30,0,0,0,0,0,259,105,293,9,284,0,284,57,227,0,0,227,129,0,0,1.75,
Marico,Dec '19,341.75,35485.65,4509.77,0.884583239,150.4,0.074,"1,434.00",700,35,735,699,440,44,0,73,27,0,0,0,0,0,296,76,335,7,328,0,328,59,269,0,0,269,129,0,0,2.09,
Marico,Sep '19,394.10,35485.65,4282.87,-0.050312987,145.8,0.04,"1,454.00",775,34,809,645,410,-22,0,81,27,0,0,0,0,0,324,101,336,9,327,0,327,68,259,0,0,259,129,0,0,2.01,
Marico,Jun '19,370.25,35485.65,4149.67,-0.03110064,142.9,0.032,"1,777.00",769,31,800,977,657,197,0,86,29,0,0,0,0,0,345,26,346,8,338,-19,357,68,289,0,0,289,129,0,0,1.95,
Marico,Mar '19,345.25,44329.25,4432.04,0.068046375,140.4,0.029,"1,290.00",923,31,954,336,142,-250,0,75,25,0,0,0,0,0,292,97,291,5,286,0,286,-144,430,0,0,430,129.09,0,0,3.33,
Marico,Dec '18,374.45,44329.25,3822.07,-0.137627368,140.1,0.021,"1,499.81",762.54,26.85,789.39,710.42,467.1,68.41,0,79.83,18.69,0,0,0,0,0,300.17,97.13,340.45,2.35,338.1,0,338.1,75.63,262.47,0,0,262.47,129.09,0,0,2.04,
Marico,Sep '18,332.90,44329.25,5448.55,0.425549506,140.2,0.037,"1,496.75",844.96,24.81,869.77,626.98,422,14.65,0,74.78,18.67,0,0,0,0,0,313.9,84.27,289.25,2.28,286.97,0,286.97,61.74,225.23,0,0,225.23,129.09,0,0,1.75,
Marico,Jun '18,331.70,44329.25,4879.75,-0.104394747,138.5,0.049,"1,684.61",932.55,25.65,958.2,726.41,470.4,66.55,0,77.25,19,0,126.63,0,0,0,180.97,23.03,279.04,2.42,276.62,0,276.62,61.7,214.92,0,0,214.92,129.09,0,0,1.67,
Marico,Mar '18,326.10,42157.82,4171.72,-0.145095548,136.5,0.043,"1,213.76",847.82,24.31,872.13,341.63,145.36,-197.41,0,65.33,17.2,0,84.8,0,0,0,175.44,91.66,287.93,1.83,286.1,-104,390.1,62.32,327.78,0,0,327.78,129.09,0,0,0.93,
Marico,Dec '17,322.15,42157.82,3930.99,-0.057705215,137.2,0.052,"1,337.59",794.11,20.37,814.48,523.11,286.8,-66.8,0,65.1,16.26,0,103.97,0,0,0,168.27,71.89,308.2,1.86,306.34,0,306.34,66.23,240.11,0,0,240.11,129.08,0,0,1.86,
Marico,Sep '17,310.75,42157.82,3413.19,-0.131722543,135.2,0.033,"1,246.28",684.17,12.06,696.23,550.05,370.78,-1.14,0,70.83,17.93,0,122.09,0,0,0,161.07,32.21,211.48,1.87,209.61,0,209.61,49.3,160.31,0,0,160.31,129.08,0,0,1.25,
Marico,Jun '17,313.95,42157.82,2975.01,-0.128378438,132,0.015,"1,372.78",691.73,16.72,708.45,664.33,428.13,43.73,0,73.01,15.51,0,123.72,0,0,0,172.16,21.46,257.66,1.99,255.67,0,255.67,57.65,198.02,0,0,198.02,129.05,0,0,1.54,
Marico,Mar '17,294.35,38017.01,3355.09,0.127757554,130.9,0.039,"1,103.46",678.86,35.11,713.97,389.49,174.68,-155.87,0,62.41,19.25,0,74.27,0,0,0,174.62,21.49,236.3,4.12,232.18,0,232.18,68.81,163.37,0,0,163.37,129.05,0,0,1.27,
Marico,Dec '16,260.25,38017.01,3572.84,0.064901389,130.4,0.034,"1,142.98",575.3,43.09,618.39,524.59,326.87,-23.01,0,58.47,15.83,0,103.14,0,0,0,172.44,157.64,355.36,2.89,352.47,0,352.47,87.16,265.31,0,0,265.31,129.04,0,0,2.06,
Marico,Sep '16,275.20,38017.01,3006.05,-0.158638506,130.9,0.044,"1,160.50",577.45,55.01,632.46,528.04,347.14,-35.49,0,64.82,14.28,0,135.91,0,0,0,167.62,60.41,241.31,2.16,239.15,0,239.15,60.02,179.13,0,0,179.13,129.02,0,0,1.39,
Marico,Jun '16,264.35,38017.01,3208.66,0.067400742,130.1,0.058,"1,454.39",531.18,36.23,567.41,886.98,587.97,166.93,0,65.22,14.74,0,154.15,0,0,0,186.93,22.32,321.33,3.42,317.91,0,317.91,83.03,234.88,0,0,234.88,129.02,0,0,1.83,
Marico,Mar '16,242.50,31178.64,2503.95,-0.219627508,126,0.048,"1,034.90",529.18,33.37,562.55,472.35,316.18,-60.43,0,57.29,24.04,0,115.87,0,0,0,179.41,52.3,208.47,4.77,203.7,0,203.7,59.06,144.64,0,0,144.64,129.02,0,0,1.17,
Marico,Dec '15,226.30,31178.64,2435.4,-0.027376745,126.1,0.056,"1,234.82",653.17,11.92,665.09,569.73,358.14,-20.84,0,57.77,16.48,0,119.75,0,0,0,184.98,92.84,304.43,4.94,299.49,0,299.49,64.88,234.61,0,0,234.61,129.02,0,0,1.82,
Marico,Sep '15,202.20,31178.64,3064.43,0.258286113,125.4,0.044,"1,154.19",639.67,18.77,658.44,495.75,342.39,-20.64,0,50.09,15.57,0,140.77,0,0,0,156.6,26.53,179.89,2.29,177.6,0,177.6,47.68,129.92,0,0,129.92,64.51,0,0,1.02,
Marico,Jun '15,224.93,31178.64,3915.3,0.27766012,123,0.054,"1,444.09",670.41,15.89,686.3,757.79,518.52,139.13,0,63.06,12.73,0,135.09,0,0,0,168.51,18.89,258.16,3.17,254.99,0,254.99,72.87,182.12,0,0,182.12,64.51,0,0,1.41,
Marico,Mar '15,193.53,25045.14,3299.23,-0.157349373,120.2,0.053,991.94,656.82,10.49,667.31,324.63,204.28,-127.51,0,46.32,13.56,0,105.59,0,0,0,166.32,69.84,190.19,3.85,186.34,0,186.34,45.61,140.73,0,0,140.73,64.5,0,0,2.18,
Marico,Dec '14,163.00,25045.14,3806.55,0.153769213,119.4,0.043,"1,192.88",606.79,15.79,622.58,570.3,400,65.81,0,48.9,16.21,0,117.15,0,0,0,151.93,8.61,178.91,3.06,175.85,0,175.85,43.99,131.86,0,0,131.86,64.49,0,0,2.04,
Marico,Sep '14,155.08,25045.14,5835.69,0.533065374,120.1,0.056,"1,144.17",744.4,49.69,794.09,350.08,225.21,-111.15,0,49.33,13.58,0,119.39,0,0,0,154.06,52.08,176.95,3.94,173.01,0,173.01,44.79,128.22,0,0,128.22,64.49,0,0,1.99,
Marico,Jun '14,121.78,25045.14,6471.05,0.108874872,116.7,0.068,"1,352.22",667.88,58.74,726.62,625.6,433.87,77.98,0,52.61,11.4,0,138.38,0,0,0,153.5,10.26,201.99,6.12,195.87,0,195.87,51.47,144.4,0,0,144.4,64.49,0,0,2.24,
Colgate Palmolive,Mar '20,1395.05,33657.22,2392.98,-0.198991786,148.6,0.058,"1,071.26",321.12,58.84,379.96,691.3,474.6,-1.34,0,89.89,46.17,0,155.5,0,0,0,184.38,19.64,236.34,1.98,234.36,0,234.36,30.21,204.15,0,0,204.15,27.2,0,0,7.51,
Colgate Palmolive,Dec '19,1460.50,33657.22,4509.77,0.884583239,150.4,0.074,"1,147.17",365.95,64.65,430.6,716.57,452.02,-37.48,0,77.04,51.5,0,143.39,0,0,0,217.57,5.8,270.35,2.92,267.43,0,267.43,68.33,199.1,0,0,199.1,27.2,0,0,7.32,
Colgate Palmolive,Sep '19,1505.05,33657.22,4282.87,-0.050312987,145.8,0.04,"1,221.80",351.83,61.78,413.61,808.19,535.64,17.15,0,81.89,50.42,0,175.82,0,0,0,210.36,8.63,281.18,2.41,278.77,0,278.77,34.66,244.11,0,0,244.11,27.2,0,0,8.97,
Colgate Palmolive,Jun '19,1127.30,33657.22,4149.67,-0.03110064,142.9,0.032,"1,084.86",311.43,58.84,370.27,714.59,464.64,0.11,0,83.46,49.85,0,151.31,0,0,0,179.91,15.17,265.12,2.31,262.81,0,262.81,93.7,169.11,0,0,169.11,27.2,0,0,6.22,
Colgate Palmolive,Mar '19,1258.45,33906.44,4432.04,0.068046375,140.4,0.029,"1,153.75",318.15,74.99,393.14,760.61,489.52,15.68,0,73.47,39.35,0,156.27,0,0,0,204.75,11.95,283.04,2.5,280.54,-3.61,284.15,79.34,204.81,0,0,204.81,27.2,0,0,7.26,
Colgate Palmolive,Dec '18,1341.60,33906.44,3822.07,-0.137627368,140.1,0.021,"1,099.35",330.69,76.79,407.48,691.87,418.01,-24.21,0,71.1,40.6,0,125.99,0,0,0,204.53,7.91,281.77,0,281.77,0,281.77,89.67,192.1,0,0,192.1,27.2,0,0,7.06,
Colgate Palmolive,Sep '18,1085.00,33906.44,5448.55,0.425549506,140.2,0.037,"1,168.03",366.42,56.22,422.64,745.39,455.65,-11.12,0,76.41,39.83,0,138.94,0,0,0,211.59,8.64,298.38,0,298.38,0,298.38,102.01,196.37,0,0,196.37,27.2,0,0,7.22,
Colgate Palmolive,Jun '18,1182.95,33906.44,4879.75,-0.104394747,138.5,0.049,"1,041.30",313.21,46.58,359.79,681.51,439.31,-4.83,0,74.92,39.39,0,143.51,0,0,0,186.32,9.16,251.36,0,251.36,34.12,217.24,95.97,121.27,0,0,121.27,27.2,0,0,6.97,
Colgate Palmolive,Mar '18,1057.70,28311.8,4171.72,-0.145095548,136.5,0.043,"1,091.66",305.28,54.24,359.52,732.14,465.1,15.44,0,75.83,40.48,0,143.55,0,0,0,189.8,8.48,275.52,0,275.52,-11.65,287.17,75.1,212.07,0,0,212.07,27.2,0,0,6.94,
Colgate Palmolive,Dec '17,1095.60,28311.8,3930.99,-0.057705215,137.2,0.052,"1,033.32",274.56,82.82,357.38,675.94,433.09,2.4,0,75.04,39.57,0,120.7,0,0,0,195.38,9.04,251.89,0,251.89,0,251.89,81.24,170.65,0,0,170.65,27.2,0,0,6.27,
Colgate Palmolive,Sep '17,1058.40,28311.8,3413.19,-0.131722543,135.2,0.033,"1,084.88",314.23,75.65,389.88,695,433.56,7.07,0,82.34,39.17,0,119.23,0,0,0,185.75,8.85,270.29,0,270.29,0,270.29,92.72,177.57,0,0,177.57,27.2,0,0,6.53,
Colgate Palmolive,Jun '17,1111.60,28311.8,2975.01,-0.128378438,132,0.015,978.11,294.9,71.72,366.62,611.49,426.96,-8.23,0,72.72,37.29,0,143.35,0,0,0,181.83,12.45,196.98,0,196.98,0,196.98,60.6,136.38,0,0,136.38,27.2,0,0,5.01,
Colgate Palmolive,Mar '17,998.35,26859.42,3355.09,0.127757554,130.9,0.039,"1,037.52",263.49,104.54,368.03,669.49,459.31,19.7,0,76.31,34.13,0,144.25,0,0,0,184.92,8.01,218.19,0,218.19,0,218.19,75.61,142.58,0,0,142.58,27.2,0,0,5.24,
Colgate Palmolive,Dec '16,905.60,26859.42,3572.84,0.064901389,130.4,0.034,874.58,256.26,71.16,327.42,547.16,367.27,-11.53,0,65.21,34.17,0,83.91,0,0,0,195.51,10.9,190.79,0,190.79,0,190.79,62.97,127.82,0,0,127.82,27.2,0,0,4.7,
Colgate Palmolive,Sep '16,970.90,26859.42,3006.05,-0.158638506,130.9,0.044,"1,056.58",313.32,82.44,395.76,660.82,419.36,-4.8,0,73.06,33.3,0,127.97,0,0,0,189.83,11.28,252.74,0,252.74,0,252.74,71.43,181.31,0,0,181.31,27.2,0,0,6.67,
Colgate Palmolive,Jun '16,918.70,26859.42,3208.66,0.067400742,130.1,0.058,"1,013.14",303.29,76.71,380,633.14,453.51,2.21,0,73.92,31.64,0,155.6,0,0,0,190.14,10.08,189.71,0,189.71,0,189.71,63.99,125.72,0,0,125.72,27.2,0,0,4.62,
Colgate Palmolive,Mar '16,827.65,22222.62,2503.95,-0.219627508,126,0.048,"1,015.59",308.09,91.5,399.59,616,404.39,-5.67,0,74.53,29.73,0,116.37,0,0,0,189.43,11.36,222.97,0,222.97,0,222.97,79.7,143.27,0,0,143.27,27.2,0,0,5.27,
Colgate Palmolive,Dec '15,970.35,22222.62,2435.4,-0.027376745,126.1,0.056,956.84,252.1,102.13,354.23,602.61,393.4,-1.36,0,65.85,29.49,0,105.84,0,0,0,193.58,9.77,218.98,0,218.98,0,218.98,53.87,165.11,0,0,165.11,27.2,0,0,6.07,
Colgate Palmolive,Sep '15,960.55,22222.62,3064.43,0.258286113,125.4,0.044,964.82,277.73,92.99,370.72,594.1,366.76,-4.95,0,58.07,26.92,0,99.79,0,0,0,186.93,10.7,238.04,0,238.04,0,238.04,81.19,156.85,0,0,156.85,27.2,0,0,5.77,
Colgate Palmolive,Jun '15,1017.20,22222.62,3915.3,0.27766012,123,0.054,930.94,289.33,67.05,356.38,574.56,396.02,7.73,0,63.95,25.27,0,125.55,0,0,0,173.52,8.09,186.63,0,186.63,-31.34,217.97,39.35,178.62,0,0,178.62,13.6,0,0,4.26,
Colgate Palmolive,Mar '15,1006.73,27127.06,3299.23,-0.157349373,120.2,0.053,"1,028.51",300.53,73.41,373.94,654.57,427.56,-0.17,0,66.34,20.46,0,154.49,0,0,0,186.44,7.14,234.15,0,234.15,0,234.15,70.52,163.63,0,0,163.63,13.6,0,0,12.03,
Colgate Palmolive,Dec '14,892.13,27127.06,3806.55,0.153769213,119.4,0.043,996.01,298.86,68.77,367.63,628.38,454.06,-3.9,0,66.11,20.28,0,178.21,0,0,0,193.36,9.66,183.98,0,183.98,0,183.98,53.12,130.86,0,0,130.86,13.6,0,0,9.62,
Colgate Palmolive,Sep '14,869.78,27127.06,5835.69,0.533065374,120.1,0.056,"1,000.52",298.64,86.03,384.67,615.85,447.07,-11.69,0,68.09,17.73,0,201,0,0,0,171.94,9.92,178.7,0,178.7,0,178.7,49.12,129.58,0,0,129.58,13.6,0,0,9.53,
Colgate Palmolive,Jun '14,755.90,27127.06,6471.05,0.108874872,116.7,0.068,956.9,287.68,70.14,357.82,599.08,421.97,-0.59,0,58.39,16.55,0,180.55,0,0,0,167.07,6.45,183.56,0,183.56,0,183.56,48.65,134.91,0,0,134.91,13.6,0,0,9.92,
Godrej Consumer,Mar '20,633.90,53457.7,2392.98,-0.198991786,148.6,0.058,"1,113.94",476.43,72.21,548.64,565.3,283.29,-91.1,0,44.37,20.78,0,0,0,0,0,309.24,24.11,306.12,20.23,285.89,0,285.89,45.54,240.35,0,0,240.35,102.23,0,0,2.35,
Godrej Consumer,Dec '19,684.80,53457.7,4509.77,0.884583239,150.4,0.074,"1,523.87",485.86,72.01,557.87,966,546.2,51.3,0,84.4,21.28,0,0,0,0,0,389.22,22.8,442.6,13,429.6,0,429.6,64.69,364.91,0,0,364.91,102.23,0,0,3.57,
Godrej Consumer,Sep '19,686.20,53457.7,4282.87,-0.050312987,145.8,0.04,"1,521.28",567.14,79.94,647.08,874.2,497.34,-12.06,0,96.94,20.28,0,0,0,0,0,392.18,24.71,401.57,14.16,387.41,0,387.41,52.84,334.57,0,0,334.57,102.23,0,0,3.27,
Godrej Consumer,Jun '19,663.55,53457.7,4149.67,-0.03110064,142.9,0.032,"1,315.36",513.25,56.03,569.28,746.08,458.41,-25.04,0,93.51,19.03,0,0,0,0,0,370.91,19.64,307.31,10.58,296.73,0,296.73,56.67,240.06,0,0,240.06,102.22,0,0,2.35,
Godrej Consumer,Mar '19,687.15,70143.23,4432.04,0.068046375,140.4,0.029,"1,356.09",458.17,58.98,517.15,838.94,458.68,32.67,0,72.28,17.38,0,0,0,0,0,336.35,22.74,403,16.91,386.09,0,386.09,-520.77,906.86,0,0,906.86,102.22,0,0,8.87,
Godrej Consumer,Dec '18,813.65,70143.23,3822.07,-0.137627368,140.1,0.021,"1,505.64",501.35,58.07,559.42,946.22,525.13,44.66,0,88.81,17.44,0,0,0,0,0,374.22,22.3,443.39,16.82,426.57,0,426.57,94.68,331.89,0,0,331.89,102.22,0,0,3.25,
Godrej Consumer,Sep '18,768.30,70143.23,5448.55,0.425549506,140.2,0.037,"1,507.61",573.47,75.21,648.68,858.93,485.99,-35.42,0,76.63,17.4,0,0,0,0,0,427.38,24.82,397.76,17.48,380.28,0,380.28,84.5,295.78,0,0,295.78,102.22,0,0,2.89,
Godrej Consumer,Jun '18,816.60,70143.23,4879.75,-0.104394747,138.5,0.049,"1,309.97",497.83,62.44,560.27,749.7,480.5,-14.16,0,113.78,16.85,0,0,0,0,0,364.03,24.59,293.79,13.65,280.14,0,280.14,59.69,220.45,0,0,220.45,68.13,0,0,3.24,
Godrej Consumer,Mar '18,728.40,74340.73,4171.72,-0.145095548,136.5,0.043,"1,369.76",504.97,48.49,553.46,816.3,442.22,-16.85,0,102.51,16.27,0,0,0,0,0,340.29,21.36,395.44,12.64,382.8,0,382.8,87.67,295.13,0,0,295.13,68.13,0,0,4.33,
Godrej Consumer,Dec '17,666.17,74340.73,3930.99,-0.057705215,137.2,0.052,"1,425.04",524.57,66.49,591.06,833.98,454.85,-28.3,0,99.71,16.36,0,0,0,0,0,367.08,18.52,397.65,12.62,385.03,0,385.03,85.96,299.07,0,0,299.07,68.13,0,0,4.39,
Godrej Consumer,Sep '17,610.47,74340.73,3413.19,-0.131722543,135.2,0.033,"1,363.78",403.79,57.18,460.97,902.81,576.11,110.62,0,85.24,15.72,0,163.43,0,0,0,201.1,15.04,341.74,13.28,328.46,0,328.46,72.35,256.11,0,0,256.11,68.13,0,0,3.76,
Godrej Consumer,Jun '17,643.47,74340.73,2975.01,-0.128378438,132,0.015,"1,102.22",451.41,75.25,526.66,575.56,388.48,-19.23,0,68.05,14.96,0,142.98,0,0,0,181.72,18.98,206.06,13.34,192.72,0,192.72,43.16,149.56,0,0,149.56,68.12,0,0,2.19,
Godrej Consumer,Mar '17,556.67,56930.72,3355.09,0.127757554,130.9,0.039,"1,254.94",468.35,58.61,526.96,727.98,400.24,0.72,0,75.42,14.7,0,113.37,0,0,0,196.03,18.53,346.27,12.12,334.15,0,334.15,81.06,253.09,0,0,253.09,34.06,0,0,7.43,
Godrej Consumer,Dec '16,503.93,56930.72,3572.84,0.064901389,130.4,0.034,"1,195.91",482.13,65.04,547.17,648.74,355.18,-50.01,0,73.24,14.35,0,135.96,0,0,0,181.64,16.05,309.61,9.2,300.41,0,300.41,69.01,231.4,0,0,231.4,34.06,0,0,6.79,
Godrej Consumer,Sep '16,528.07,56930.72,3006.05,-0.158638506,130.9,0.044,"1,240.34",459.89,56.91,516.8,723.54,455.69,28.51,0,75.16,13.92,0,154.93,0,0,0,183.17,15.23,283.08,7.67,275.41,0,275.41,63.46,211.95,0,0,211.95,34.06,0,0,6.22,
Godrej Consumer,Jun '16,534.13,56930.72,3208.66,0.067400742,130.1,0.058,"1,058.16",424.4,35.7,460.1,598.06,403.42,16.99,0,72.29,13.71,0,123.96,0,0,0,176.47,12.84,207.48,7.07,200.41,0,200.41,47.55,152.86,0,0,152.86,34.05,0,0,4.45,
Godrej Consumer,Mar '16,459.79,46820.1,2503.95,-0.219627508,126,0.048,"1,151.84",410.48,51.99,462.47,689.37,414.65,57.92,0,66.54,12.88,0,103.73,0,0,0,173.58,9.5,284.22,7.33,276.89,0,276.89,67.38,209.51,0,0,209.51,34.05,0,0,6.15,
Godrej Consumer,Dec '15,439.59,46820.1,2435.4,-0.027376745,126.1,0.056,"1,199.81",515.32,53.25,568.57,631.24,375.14,-52.19,0,77.8,11.37,0,133.78,0,0,0,204.38,13.73,269.83,14.41,255.42,0,255.42,61.51,193.91,0,0,193.91,34.05,0,0,5.69,
Godrej Consumer,Sep '15,405.29,46820.1,3064.43,0.258286113,125.4,0.044,"1,231.55",471.99,49.51,521.5,710.05,468.99,-22.28,0,89.15,10.48,0,127.49,0,0,0,264.15,15.36,256.42,16.48,239.94,0,239.94,56.08,183.86,0,0,183.86,34.05,0,0,5.4,
Godrej Consumer,Jun '15,410.27,46820.1,3915.3,0.27766012,123,0.054,"1,063.39",450.08,40.15,490.23,573.16,402.86,-31.69,0,97.88,10.18,0,128.6,0,0,0,197.89,22.12,192.42,16.45,175.97,0,175.97,40.58,135.39,0,0,135.39,34.05,0,0,3.98,
Godrej Consumer,Mar '15,346.93,34933.81,3299.23,-0.157349373,120.2,0.053,"1,148.36",433.69,38.42,472.11,676.25,438.86,22.2,0,65.92,10.63,0,133.6,0,0,0,206.51,9.59,246.98,8.3,238.68,0.84,237.84,51.46,186.38,0,0,186.38,34.04,0,0,5.52,
Godrej Consumer,Dec '14,323.37,34933.81,3806.55,0.153769213,119.4,0.043,"1,183.90",471.17,44.56,515.73,668.17,450.64,7.8,0,78.52,10.17,0,122.97,0,0,0,231.18,7.9,225.43,9.14,216.29,0,216.29,44.46,171.83,0,0,171.83,34.04,0,0,5.05,
Godrej Consumer,Sep '14,328.39,34933.81,5835.69,0.533065374,120.1,0.056,"1,106.01",458.12,55.17,513.29,592.72,385.9,13.12,0,64.2,10.61,0,103.94,0,0,0,194.03,23.6,230.42,9.71,220.71,0,220.71,46.94,173.77,0,0,173.77,34.04,0,0,5.1,
Godrej Consumer,Jun '14,274.77,34933.81,6471.05,0.108874872,116.7,0.068,991.53,451.09,55.67,506.76,484.77,348.51,-38.07,0,50.66,10.26,0,127.76,0,0,0,197.9,15.58,151.84,9.77,142.07,8.6,133.47,29.88,103.59,0,0,103.59,34.04,0,0,3.55,
ITC,Mar '20,197.45,204588.2,2392.98,-0.198991786,148.6,0.058,"10,842.28","3,254.23",987.26,4241.49,6600.79,2829.76,-174.43,0,666.53,392.5,0,0,0,0,0,"1,945.16",755.54,4526.57,14.73,4511.84,0,4511.84,714.76,3797.08,0,0,3797.08,"1,229.22",0,0,3.09,
ITC,Dec '19,237.65,204588.2,4509.77,0.884583239,150.4,0.074,"12,013.01","3,360.82",743.9,4104.72,7908.29,3711.83,441.77,0,669.11,416.21,0,0,0,0,0,"2,184.74",983.62,5180.08,12.44,5167.64,-132.11,5299.75,893.6,4406.15,0,0,4406.15,"1,229.11",0,0,3.37,
ITC,Sep '19,259.70,204588.2,4282.87,-0.050312987,145.8,0.04,"11,871.47","3,408.42",742.32,4150.74,7720.73,3554.03,330.98,0,632.26,395.67,0,0,0,0,0,"2,195.12",654.33,4821.03,13.33,4807.7,0,4807.7,784.6,4023.1,0,0,4023.1,"1,228.65",0,0,3.28,
ITC,Jun '19,273.95,204588.2,4149.67,-0.03110064,142.9,0.032,"11,502.82","3,098.29","1,816.23",4914.52,6588.3,2381.51,-774.66,0,690.31,358.89,0,0,0,0,0,"2,106.97",620.17,4826.96,15.22,4811.74,0,4811.74,"1,637.80",3173.94,0,0,3173.94,"1,225.86",0,0,2.59,
ITC,Mar '19,296.70,359951.82,4432.04,0.068046375,140.4,0.029,"11,992.11","3,335.33","1,331.28",4666.61,7325.5,3104.03,-51.02,0,759.99,350.18,0,0,0,0,0,"2,044.88",740.18,4961.65,7.74,4953.91,0,4953.91,"1,472.01",3481.9,0,0,3481.9,"1,225.86",0,0,2.84,
ITC,Dec '18,281.65,359951.82,3822.07,-0.137627368,140.1,0.021,"11,227.66","3,414.82",838.57,4253.39,6974.27,2983.86,47.12,0,629.17,335.36,0,0,0,0,0,"1,972.21",836.39,4826.8,5.61,4821.19,0,4821.19,"1,612.12",3209.07,0,0,3209.07,"1,224.69",0,0,2.62,
ITC,Sep '18,296.70,359951.82,5448.55,0.425549506,140.2,0.037,"11,068.85","3,381.90",876.09,4257.99,6810.86,2932.36,21.68,0,596.31,327.47,0,0,0,0,0,"1,986.90",504.12,4382.62,13.5,4369.12,0,4369.12,"1,414.45",2954.67,0,0,2954.67,"1,224.19",0,0,2.42,
ITC,Jun '18,266.05,359951.82,4879.75,-0.104394747,138.5,0.049,"10,707.03","3,052.92","1,254.38",4307.3,6399.73,2496.3,-197.92,0,742.97,298.69,0,0,0,0,0,"1,652.56",403.85,4307.28,7.34,4299.94,0,4299.94,"1,481.26",2818.68,0,0,2818.68,"1,220.74",0,0,2.31,
ITC,Mar '18,255.90,309724.29,4171.72,-0.145095548,136.5,0.043,"10,586.73","3,061.40",927.93,3989.33,6597.4,2757.38,11.87,0,611.27,303.99,0,0,0,0,0,"1,830.25",516.5,4356.52,23.24,4333.28,0,4333.28,"1,400.57",2932.71,0,0,2932.71,"1,220.43",0,0,2.41,
ITC,Dec '17,263.10,309724.29,3930.99,-0.057705215,137.2,0.052,"9,772.02","2,941.91",498.9,3440.81,6331.21,2717.46,140.22,0,595.02,290.75,0,0,0,0,0,"1,691.47",626.92,4240.67,24.02,4216.65,412.9,3803.75,"1,539.35",2264.4,0,0,2264.4,"1,219.05",0,0,2.54,
ITC,Sep '17,258.25,309724.29,3413.19,-0.131722543,135.2,0.033,"9,763.92","2,858.00",558.82,3416.82,6347.1,3418.22,939.55,0,606.54,282.42,0,0,0,0,0,"1,589.71",494.21,3423.09,29.01,3394.08,0,3394.08,"1,304.45",2089.63,0,0,2089.63,"1,218.36",0,0,2.17,
ITC,Jun '17,323.85,309724.29,2975.01,-0.128378438,132,0.015,"9,954.66","2,894.90",990.89,3885.79,6068.87,2590.68,-49.79,0,674.63,268.21,0,0,0,0,0,"1,697.63",476.77,3954.96,10.38,3944.58,0,3944.58,"1,384.08",2560.5,0,0,2560.5,"1,215.22",0,0,2.11,
ITC,Mar '17,280.45,337944.56,3355.09,0.127757554,130.9,0.039,"11,125.54","2,972.84","1,195.73",4168.57,6956.97,3323.39,514.23,0,571.36,241.81,0,0,0,0,0,"1,995.99",402.1,4035.68,-11.46,4047.14,0,4047.14,"1,377.67",2669.47,0,0,2669.47,"1,214.74",0,0,2.2,
ITC,Dec '16,240.95,337944.56,3572.84,0.064901389,130.4,0.034,"9,248.39","2,912.58",864.89,3777.47,5470.92,2191.07,-400.9,0,572.31,266.54,0,0,0,0,0,"1,753.12",687.94,3967.79,13.59,3954.2,0,3954.2,"1,307.47",2646.73,0,0,2646.73,"1,212.14",0,0,2.18,
ITC,Sep '16,241.55,337944.56,3006.05,-0.158638506,130.9,0.044,"9,660.71","3,000.10",501.11,3501.21,6159.5,2797.91,170.14,0,600.33,268.44,0,0,0,0,0,"1,759.00",475.35,3836.94,10.72,3826.22,0,3826.22,"1,326.19",2500.03,0,0,2500.03,"1,211.16",0,0,2.07,
ITC,Jun '16,245.38,337944.56,3208.66,0.067400742,130.1,0.058,"10,054.04","2,880.04","1,004.84",3884.88,6169.16,2904.18,360.7,0,700.31,261.25,0,0,0,0,0,"1,581.92",420.52,3685.5,10.1,3675.4,0,3675.4,"1,290.73",2384.67,0,0,2384.67,805.33,0,0,1.97,
ITC,Mar '16,218.68,257453.88,2503.95,-0.219627508,126,0.048,"9,756.70","3,033.84",819.37,3853.21,5903.49,7933.27,-286.05,0,554.71,246.48,0,0,0,0,"5,388.35","2,029.78",371.23,-1658.55,"3,688.33",-5346.88,"7,405.86",-12752.74,"3,688.33",-16441.07,0,0,-16441.07,804.72,0,0,1.97,
ITC,Dec '15,218.38,257453.88,2435.4,-0.027376745,126.1,0.056,"8,867.06","2,760.36",705.4,3465.76,5401.3,2188.55,-437.69,0,571.37,261.87,0,0,0,0,0,"1,793.00",648.97,3861.72,16.09,3845.63,0,3845.63,"1,341.87",2503.76,0,0,2503.76,803.67,0,0,2.08,
ITC,Sep '15,219.24,257453.88,3064.43,0.258286113,125.4,0.044,"8,798.89","2,691.47",438.01,3129.48,5669.41,2544.89,-16,0,578.05,258.2,0,0,0,0,0,"1,724.64",392.57,3517.09,10.31,3506.78,0,3506.78,"1,244.28",2262.5,0,0,2262.5,802.65,0,0,1.88,
ITC,Jun '15,210.01,257453.88,3915.3,0.27766012,123,0.054,"9,160.02","2,569.08",629.02,3198.1,5961.92,2967.3,543.19,0,627.46,257.61,0,0,0,0,0,"1,539.04",356.49,3351.11,10.46,3340.65,0,3340.65,"1,174.56",2166.09,0,0,2166.09,801.55,0,0,1.8,
ITC,Mar '15,216.94,253314.55,3299.23,-0.157349373,120.2,0.053,"9,292.78","2,803.44",759.37,3562.81,5729.97,2736.43,98.87,0,454.39,249.57,0,0,0,0,0,"1,933.60",370.37,3363.91,15.51,3348.4,0,3348.4,987.22,2361.18,0,0,2361.18,801.55,0,0,2.95,
ITC,Dec '14,245.58,253314.55,3806.55,0.153769213,119.4,0.043,"8,942.59","2,731.05",579.5,3310.55,5632.04,2405.47,167.01,0,419.12,237.63,0,0,0,0,0,"1,581.71",581.99,3808.56,8.37,3800.19,0,3800.19,"1,165.19",2635,0,0,2635,799.54,0,0,3.3,
ITC,Sep '14,247.14,253314.55,5835.69,0.533065374,120.1,0.056,"9,023.74","2,792.72",638.99,3431.71,5592.03,2346.6,123.45,0,397.87,243.22,0,0,0,0,0,"1,582.06",356.22,3601.65,18.39,3583.26,0,3583.26,"1,158.10",2425.16,0,0,2425.16,797.43,0,0,3.04,
ITC,Jun '14,216.58,253314.55,6471.05,0.108874872,116.7,0.068,"9,248.29","2,660.62","1,920.80",4581.42,4666.87,1620.6,-603.86,0,508.66,231.32,0,0,0,0,0,"1,484.48",234.55,3280.82,15.15,3265.67,0,3265.67,"1,079.28",2186.39,0,0,2186.39,795.5,0,0,2.75,
Dabur India,Mar '20,466.60,79152.04,2392.98,-0.198991786,148.6,0.058,"1,321.15",569.42,165.63,735.05,586.1,321.18,-58.46,0,133.56,33.18,0,0,0,0,0,212.9,67.05,331.97,2.64,329.33,-20,349.33,52.33,297,0,0,297,176.71,0,0,1.45,
Dabur India,Dec '19,458.40,79152.04,4509.77,0.884583239,150.4,0.074,"1,748.18",612.7,210.63,823.33,924.85,565.96,71.81,0,149.7,32.65,0,0,0,0,0,311.8,67.27,426.16,4.65,421.51,-20,441.51,71.51,370,0,0,370,176.71,0,0,1.87,
Dabur India,Sep '19,447.15,79152.04,4282.87,-0.050312987,145.8,0.04,"1,612.20",622.7,264.14,886.84,725.36,383.35,-64.87,0,150.89,32.83,0,0,0,0,0,264.5,75.12,417.13,5.83,411.3,-40,451.3,45.76,405.54,0,0,405.54,176.71,0,0,1.84,
Dabur India,Jun '19,400.50,79152.04,4149.67,-0.03110064,142.9,0.032,"1,628.27",644.55,224.82,869.37,758.9,473.88,-18.37,0,144.11,31.27,0,0,0,0,0,316.87,67.46,352.48,6.15,346.33,-20,366.33,68.52,297.81,0,0,297.81,176.71,0,0,1.46,
Dabur India,Mar '19,409.05,72260.56,4432.04,0.068046375,140.4,0.029,"1,598.43",568.1,270.19,838.29,760.14,395.04,-17.78,0,143.21,28.64,0,0,0,0,0,240.97,63.05,428.15,6.31,421.84,0,421.84,7.51,414.33,0,0,414.33,176.63,0,0,2.35,
Dabur India,Dec '18,431.00,72260.56,3822.07,-0.137627368,140.1,0.021,"1,664.46",571.56,224.08,795.64,868.82,531.24,68.21,0,147.86,27.97,0,0,0,0,0,287.2,67.35,404.93,9.55,395.38,0,395.38,83.24,312.14,0,0,312.14,176.63,0,0,1.77,
Dabur India,Sep '18,427.60,72260.56,5448.55,0.425549506,140.2,0.037,"1,537.20",583.74,259.36,843.1,694.1,368.81,-52.44,0,143.29,26.18,0,0,0,0,0,251.78,75.73,401.02,8.09,392.93,0,392.93,85.67,307.26,0,0,307.26,176.63,0,0,1.74,
Dabur India,Jun '18,390.90,72260.56,4879.75,-0.104394747,138.5,0.049,"1,473.10",539.11,231.28,770.39,702.71,472.27,12.1,0,137.97,26.04,0,0,0,0,0,296.16,68.61,299.05,5.85,293.2,0,293.2,62.64,230.56,0,0,230.56,176.63,0,0,1.31,
Dabur India,Mar '18,327.00,57800.56,4171.72,-0.145095548,136.5,0.043,"1,509.62",591.85,215.57,807.42,702.2,317.98,-33.27,0,101.77,26.33,0,81.71,0,0,0,141.44,70.84,455.06,5.92,449.14,0,449.14,95.56,353.58,0,0,353.58,176.15,0,0,2.01,
Dabur India,Dec '17,348.60,57800.56,3930.99,-0.057705215,137.2,0.052,"1,449.31",536.39,273.47,809.86,639.45,355.72,-75.9,0,122.9,26.15,0,146.83,0,0,0,135.74,60.58,344.31,5.22,339.09,0,339.09,73.62,265.47,0,0,265.47,176.15,0,0,1.51,
Dabur India,Sep '17,305.05,57800.56,3413.19,-0.131722543,135.2,0.033,"1,416.39",466.25,197.12,663.37,753.02,459.74,74.47,0,117.26,25.51,0,114.69,0,0,0,127.81,76.23,369.51,4.98,364.53,0,364.53,81.12,283.41,0,0,283.41,176.15,0,0,1.61,
Dabur India,Jun '17,292.15,57800.56,2975.01,-0.128378438,132,0.015,"1,233.74",482.54,230.3,712.84,520.9,355.8,-39.33,0,119.2,24.51,0,118.72,0,0,0,132.7,75.58,240.68,5.77,234.91,-14.54,249.45,50.78,198.67,0,0,198.67,176.15,0,0,0.96,
Dabur India,Mar '17,277.15,49077.49,3355.09,0.127757554,130.9,0.039,"1,434.80",524.55,245.28,769.83,664.97,327.83,1.62,0,88.99,21.32,0,77.49,0,0,0,138.41,60.04,397.18,4.95,392.23,0,392.23,90,302.23,0,0,302.23,176.15,0,0,1.72,
Dabur India,Dec '16,277.05,49077.49,3572.84,0.064901389,130.4,0.034,"1,283.96",439.65,179.41,619.06,664.9,439.85,77.33,0,105.63,18.04,0,111.6,0,0,0,127.25,75.73,300.78,3.92,296.86,0,296.86,67.85,229.01,0,0,229.01,176.15,0,0,1.3,
Dabur India,Sep '16,271.30,49077.49,3006.05,-0.158638506,130.9,0.044,"1,351.58",482.54,266.07,748.61,602.97,334.84,-48.35,0,117.56,18.67,0,105.34,0,0,0,141.62,84.17,352.3,4.95,347.35,0,347.35,78.63,268.72,0,0,268.72,176.15,0,0,1.53,
Dabur India,Jun '16,308.20,49077.49,3208.66,0.067400742,130.1,0.058,"1,278.86",454.99,253.84,708.83,570.03,364.41,-38.79,0,113.12,17.4,0,123.6,0,0,0,149.08,54.7,260.32,2.41,257.91,0,257.91,59.54,198.37,0,0,198.37,176.15,0,0,1.13,
Dabur India,Mar '16,249.15,43860.33,2503.95,-0.219627508,126,0.048,"1,432.97",471.73,261.36,733.09,699.88,375.74,21.21,0,105.05,20.06,0,82.72,0,0,0,146.7,48.06,372.2,3.01,369.19,0,369.19,82.05,287.14,0,0,287.14,175.91,0,0,1.63,
Dabur India,Dec '15,276.60,43860.33,2435.4,-0.027376745,126.1,0.056,"1,372.85",527,172.6,699.6,673.25,404.89,-2.18,0,111.68,17.49,0,145.5,0,0,0,132.4,53.52,321.88,1.92,319.96,0,319.96,71.77,248.19,0,0,248.19,175.91,0,0,1.41,
Dabur India,Sep '15,276.30,43860.33,3064.43,0.258286113,125.4,0.044,"1,320.48",487.88,234.8,722.68,597.8,352.87,-24.39,0,109.73,17.29,0,107.61,0,0,0,142.63,51.62,296.55,1.71,294.84,0,294.84,66.63,228.21,0,0,228.21,175.91,0,0,1.3,
Dabur India,Jun '15,280.40,43860.33,3915.3,0.27766012,123,0.054,"1,278.32",425.72,283.29,709.01,569.31,381.49,-18.41,0,105.43,17.99,0,139.95,0,0,0,136.53,41.16,228.98,3.62,225.36,0,225.36,51.64,173.72,0,0,173.72,175.68,0,0,0.99,
Dabur India,Mar '15,265.45,46631.48,3299.23,-0.157349373,120.2,0.053,"1,390.51",453.46,253.44,706.9,683.61,423.52,-2.33,0,97.86,17.14,0,139.23,0,0,0,171.62,38.7,298.79,2.81,295.98,-23.96,319.94,59.08,260.86,0,0,260.86,175.65,0,0,1.21,
Dabur India,Dec '14,233.55,46631.48,3806.55,0.153769213,119.4,0.043,"1,501.78",458.86,207.27,666.13,835.65,588.65,109.41,0,104.25,16.36,0,206.31,0,0,0,152.32,32.86,279.86,2.44,277.42,0,277.42,60.55,216.87,0,0,216.87,175.65,0,0,1.23,
Dabur India,Sep '14,222.20,46631.48,5835.69,0.533065374,120.1,0.056,"1,293.00",500.74,247.79,748.53,544.47,334.79,-73.4,0,101.39,16.24,0,140.19,0,0,0,150.37,33.36,243.04,1.32,241.72,0,241.72,53.07,188.65,0,0,188.65,175.64,0,0,1.07,
Dabur India,Jun '14,187.25,46631.48,6471.05,0.108874872,116.7,0.068,"1,245.99",508.03,228.76,736.79,509.2,353.44,-65.93,0,89.49,16.23,0,160.81,0,0,0,152.84,32.93,188.69,3.32,185.37,0,185.37,41.25,144.12,0,0,144.12,175.62,0,0,0.82,
Jubiliant Foodworks,Mar '20,331.70,18763.52,2392.98,-0.198991786,148.6,0.058,897.85,213.28,15.06,228.34,669.51,591.7,1.31,0,196.02,91.64,0,0,0,0,0,302.73,20.41,98.22,40.96,57.26,-32.29,89.55,3.94,85.61,0,0,85.61,131.97,0,0,1.59,
Jubiliant Foodworks,Dec '19,330.52,18763.52,4509.77,0.884583239,150.4,0.074,"1,059.60",245.79,20.2,265.99,793.61,628.02,-0.09,0,207.18,87.96,0,0,0,0,0,332.97,15.91,181.5,42.6,138.9,0,138.9,35.23,103.67,0,0,103.67,131.97,0,0,7.86,
Jubiliant Foodworks,Sep '19,271.77,18763.52,4282.87,-0.050312987,145.8,0.04,988.23,229.49,16.56,246.05,742.18,590.95,-1.68,0,197.19,83.78,0,0,0,0,0,311.66,17.23,168.46,40.4,128.06,-12.52,140.58,39.61,100.97,0,0,100.97,131.97,0,0,5.75,
Jubiliant Foodworks,Jun '19,246.57,18763.52,4149.67,-0.03110064,142.9,0.032,940.09,213.77,17.54,231.31,708.78,570.51,-0.55,0,184.22,80.77,0,0,0,0,0,306.07,15.27,153.54,39.5,114.04,0,114.04,39.27,74.77,0,0,74.77,131.97,0,0,5.67,
Jubiliant Foodworks,Mar '19,288.58,18552.75,4432.04,0.068046375,140.4,0.029,865.2,189.77,14.67,204.44,660.76,553.15,2.7,0,168.9,39.99,0,0,0,0,0,341.56,15.14,122.75,0,122.75,-7.93,130.68,40.86,89.82,0,0,89.82,131.97,0,0,5.6,
Jubiliant Foodworks,Dec '18,250.44,18552.75,3822.07,-0.137627368,140.1,0.021,929.05,205.26,22.72,227.98,701.07,567.76,-0.85,0,177.08,37.27,0,0,0,0,0,354.26,13.8,147.11,0,147.11,0,147.11,50.6,96.51,0,0,96.51,131.97,0,0,7.31,
Jubiliant Foodworks,Sep '18,244.94,18552.75,5448.55,0.425549506,140.2,0.037,881.36,198.9,24.42,223.32,658.04,548.96,0.5,0,170.22,38.46,0,0,0,0,0,339.78,10.84,119.92,0,119.92,0,119.92,42.24,77.68,0,0,77.68,131.97,0,0,5.89,
Jubiliant Foodworks,Jun '18,277.48,18552.75,4879.75,-0.104394747,138.5,0.049,855.06,191.24,28.1,219.34,635.72,530.22,-1.53,0,154.51,36.56,0,0,0,0,0,340.68,7.14,112.64,0,112.64,0,112.64,37.97,74.67,0,0,74.67,131.97,0,0,5.66,
Jubiliant Foodworks,Mar '18,232.67,15223.76,4171.72,-0.145095548,136.5,0.043,779.82,177.69,24.18,201.87,577.95,487.99,-1.43,0,142.05,37.81,0,0,0,0,0,309.56,12.74,102.7,0,102.7,0,102.7,34.62,68.08,0,0,68.08,65.98,0,0,10.32,
Jubiliant Foodworks,Dec '17,176.21,15223.76,3930.99,-0.057705215,137.2,0.052,795.17,179.69,21.02,200.71,594.46,496.86,1.9,0,158.53,39.29,0,0,0,0,0,297.14,3.34,100.94,0,100.94,0,100.94,34.9,66.04,0,0,66.04,65.98,0,0,10.01,
Jubiliant Foodworks,Sep '17,138.81,15223.76,3413.19,-0.131722543,135.2,0.033,726.64,165.14,24.52,189.66,536.98,467.35,-1.79,0,156.44,32.56,0,0,0,0,0,280.14,3.64,73.27,0,73.27,0,73.27,24.8,48.47,0,0,48.47,65.98,0,0,7.4,
Jubiliant Foodworks,Jun '17,94.55,15223.76,2975.01,-0.128378438,132,0.015,678.82,137.65,22.99,160.64,518.18,484.81,-0.14,0,147.07,46.21,0,0,0,0,0,291.67,3,36.37,0,36.37,0,36.37,12.51,23.86,0,0,23.86,65.98,0,0,3.62,
Jubiliant Foodworks,Mar '17,110.62,7262.53,3355.09,0.127757554,130.9,0.039,612.78,121.7,19.45,141.15,471.63,454.93,0.68,0,142.32,43.81,0,0,0,0,0,268.12,3.58,20.28,0,20.28,-12.17,32.45,1.39,31.06,0,0,31.06,65.95,786.24,0,1.02,
Jubiliant Foodworks,Dec '16,85.48,7262.53,3572.84,0.064901389,130.4,0.034,658.84,144.91,20.49,165.4,493.44,467.5,-0.35,0,151.96,38.12,0,0,0,0,0,277.77,3.54,29.48,0,29.48,0,29.48,9.5,19.98,0,0,19.98,65.95,0,0,3.03,
Jubiliant Foodworks,Sep '16,96.01,7262.53,3006.05,-0.158638506,130.9,0.044,665.54,146.14,22.58,168.72,496.82,469.16,-1.03,0,150.22,36.61,0,0,0,0,0,283.36,4.28,31.94,0,31.94,0,31.94,10.38,21.56,0,0,21.56,65.84,0,0,3.28,
Jubiliant Foodworks,Jun '16,113.73,7262.53,3208.66,0.067400742,130.1,0.058,608.92,123.45,17.76,141.21,467.71,442.59,0.21,0,140.04,32.61,0,0,0,0,0,269.73,3.09,28.21,0,28.21,0,28.21,9.22,18.99,0,0,18.99,65.84,0,0,2.89,
Jubiliant Foodworks,Mar '16,127.35,8347.3,2503.95,-0.219627508,126,0.048,618.05,127.01,16.39,143.4,474.65,436.11,1.83,0,145.98,32.78,0,0,0,0,0,255.52,2.92,41.46,0,41.46,0,41.46,13.63,27.83,0,0,27.83,65.8,731.78,0,4.24,
Jubiliant Foodworks,Dec '15,148.39,8347.3,2435.4,-0.027376745,126.1,0.056,633.94,128.47,18.76,147.23,486.71,445.54,-1.26,0,153.29,31.58,0,0,0,0,0,261.93,2.55,43.72,0,43.72,0,43.72,14.37,29.35,0,0,29.35,65.76,0,0,4.47,
Jubiliant Foodworks,Sep '15,160.28,8347.3,3064.43,0.258286113,125.4,0.044,587.53,120.38,20.09,140.47,447.06,417.39,-0.31,0,141.79,30.72,0,0,0,0,0,245.19,2.91,32.58,0,32.58,0,32.58,10.71,21.87,0,0,21.87,65.64,0,0,3.33,
Jubiliant Foodworks,Jun '15,185.63,8347.3,3915.3,0.27766012,123,0.054,570.69,117.76,21.41,139.17,431.52,393.39,-0.46,0,127.37,29.18,0,0,0,0,0,237.3,2.94,41.07,0,41.07,0,41.07,13.5,27.57,0,0,27.57,65.64,0,0,4.21,
Jubiliant Foodworks,Mar '15,147.88,9665.77,3299.23,-0.157349373,120.2,0.053,542.11,115.27,17.42,132.69,409.42,366.2,0.95,0,117.7,26.85,0,0,0,0,0,220.7,2.07,45.29,0,45.29,0,45.29,13.77,31.52,0,0,31.52,65.57,0,0,4.81,
Jubiliant Foodworks,Dec '14,137.57,9665.77,3806.55,0.153769213,119.4,0.043,554.37,121.32,18.88,140.2,414.17,366.85,-0.58,0,115.26,25.4,0,0,0,0,0,226.77,1.49,48.81,0,48.81,0,48.81,13.79,35.02,0,0,35.02,65.56,0,0,5.34,
Jubiliant Foodworks,Sep '14,123.06,9665.77,5835.69,0.533065374,120.1,0.056,501.16,108.26,18.81,127.07,374.09,336.65,-0.15,0,106.71,23.6,0,0,0,0,0,206.49,2.14,39.58,0,39.58,0,39.58,10.59,28.99,0,0,28.99,65.48,0,0,4.43,
Jubiliant Foodworks,Jun '14,130.90,9665.77,6471.05,0.108874872,116.7,0.068,476.83,102,20.02,122.02,354.81,318.15,-0.99,0,99.11,22.31,0,0,0,0,0,197.72,1.71,38.37,0,38.37,0,38.37,10.64,27.73,0,0,27.73,65.44,0,0,4.24,
